[
  {
    "trade_id": "TRD-000001",
    "market_id": "MKT-013",
    "entity_id": "wallet_01",
    "ts": "2026-01-11T16:34:44.920615Z",
    "side": "no",
    "price": 0.6067,
    "quantity": 666.9356,
    "notional_usd": 404.6084
  },
  {
    "trade_id": "TRD-000002",
    "market_id": "MKT-019",
    "entity_id": "wallet_01",
    "ts": "2026-01-18T15:54:44.920615Z",
    "side": "yes",
    "price": 0.2551,
    "quantity": 55.743,
    "notional_usd": 14.2205
  },
  {
    "trade_id": "TRD-000003",
    "market_id": "MKT-004",
    "entity_id": "wallet_01",
    "ts": "2026-01-03T16:55:44.920615Z",
    "side": "yes",
    "price": 0.4581,
    "quantity": 316.4985,
    "notional_usd": 144.9782
  },
  {
    "trade_id": "TRD-000004",
    "market_id": "MKT-006",
    "entity_id": "wallet_01",
    "ts": "2026-01-02T15:05:44.920615Z",
    "side": "yes",
    "price": 0.6816,
    "quantity": 542.7366,
    "notional_usd": 369.9501
  },
  {
    "trade_id": "TRD-000005",
    "market_id": "MKT-003",
    "entity_id": "wallet_01",
    "ts": "2025-12-31T16:47:44.920615Z",
    "side": "yes",
    "price": 0.2703,
    "quantity": 436.6291,
    "notional_usd": 118.0339
  },
  {
    "trade_id": "TRD-000006",
    "market_id": "MKT-009",
    "entity_id": "wallet_01",
    "ts": "2026-01-05T16:43:44.920615Z",
    "side": "yes",
    "price": 0.8086,
    "quantity": 553.9991,
    "notional_usd": 447.9453
  },
  {
    "trade_id": "TRD-000007",
    "market_id": "MKT-008",
    "entity_id": "wallet_01",
    "ts": "2025-12-30T17:25:44.920615Z",
    "side": "no",
    "price": 0.1096,
    "quantity": 332.9085,
    "notional_usd": 36.4767
  },
  {
    "trade_id": "TRD-000008",
    "market_id": "MKT-019",
    "entity_id": "wallet_01",
    "ts": "2026-01-15T17:07:44.920615Z",
    "side": "yes",
    "price": 0.4061,
    "quantity": 531.2422,
    "notional_usd": 215.7208
  },
  {
    "trade_id": "TRD-000009",
    "market_id": "MKT-015",
    "entity_id": "wallet_01",
    "ts": "2026-01-10T16:23:44.920615Z",
    "side": "yes",
    "price": 0.5552,
    "quantity": 212.3695,
    "notional_usd": 117.9142
  },
  {
    "trade_id": "TRD-000010",
    "market_id": "MKT-004",
    "entity_id": "wallet_01",
    "ts": "2026-01-02T17:00:44.920615Z",
    "side": "no",
    "price": 0.9476,
    "quantity": 302.3572,
    "notional_usd": 286.5117
  },
  {
    "trade_id": "TRD-000011",
    "market_id": "MKT-004",
    "entity_id": "wallet_01",
    "ts": "2026-01-03T12:22:44.920615Z",
    "side": "yes",
    "price": 0.1876,
    "quantity": 691.6603,
    "notional_usd": 129.7259
  },
  {
    "trade_id": "TRD-000012",
    "market_id": "MKT-004",
    "entity_id": "wallet_01",
    "ts": "2025-12-31T17:00:44.920615Z",
    "side": "yes",
    "price": 0.5863,
    "quantity": 320.1185,
    "notional_usd": 187.6853
  },
  {
    "trade_id": "TRD-000013",
    "market_id": "MKT-009",
    "entity_id": "wallet_01",
    "ts": "2026-01-07T17:27:44.920615Z",
    "side": "yes",
    "price": 0.5333,
    "quantity": 551.7341,
    "notional_usd": 294.2251
  },
  {
    "trade_id": "TRD-000014",
    "market_id": "MKT-004",
    "entity_id": "wallet_01",
    "ts": "2025-12-31T17:06:44.920615Z",
    "side": "yes",
    "price": 0.1923,
    "quantity": 248.9301,
    "notional_usd": 47.8797
  },
  {
    "trade_id": "TRD-000015",
    "market_id": "MKT-004",
    "entity_id": "wallet_01",
    "ts": "2025-12-31T16:41:44.920615Z",
    "side": "no",
    "price": 0.7358,
    "quantity": 778.0727,
    "notional_usd": 572.4794
  },
  {
    "trade_id": "TRD-000016",
    "market_id": "MKT-004",
    "entity_id": "wallet_01",
    "ts": "2025-12-27T16:47:44.920615Z",
    "side": "no",
    "price": 0.5069,
    "quantity": 676.5021,
    "notional_usd": 342.9166
  },
  {
    "trade_id": "TRD-000017",
    "market_id": "MKT-004",
    "entity_id": "wallet_01",
    "ts": "2026-01-03T14:39:44.920615Z",
    "side": "yes",
    "price": 0.7508,
    "quantity": 440.7156,
    "notional_usd": 330.8734
  },
  {
    "trade_id": "TRD-000018",
    "market_id": "MKT-001",
    "entity_id": "wallet_01",
    "ts": "2025-12-27T17:07:44.920615Z",
    "side": "no",
    "price": 0.8862,
    "quantity": 35.1919,
    "notional_usd": 31.1866
  },
  {
    "trade_id": "TRD-000019",
    "market_id": "MKT-010",
    "entity_id": "wallet_01",
    "ts": "2026-01-05T16:36:44.920615Z",
    "side": "yes",
    "price": 0.9023,
    "quantity": 704.8475,
    "notional_usd": 635.9518
  },
  {
    "trade_id": "TRD-000020",
    "market_id": "MKT-004",
    "entity_id": "wallet_01",
    "ts": "2026-01-03T12:23:44.920615Z",
    "side": "yes",
    "price": 0.4778,
    "quantity": 120.1453,
    "notional_usd": 57.3999
  },
  {
    "trade_id": "TRD-000021",
    "market_id": "MKT-009",
    "entity_id": "wallet_01",
    "ts": "2026-01-07T16:49:44.920615Z",
    "side": "no",
    "price": 0.886,
    "quantity": 772.2031,
    "notional_usd": 684.189
  },
  {
    "trade_id": "TRD-000022",
    "market_id": "MKT-023",
    "entity_id": "wallet_01",
    "ts": "2026-01-21T15:54:44.920615Z",
    "side": "no",
    "price": 0.6545,
    "quantity": 331.214,
    "notional_usd": 216.7856
  },
  {
    "trade_id": "TRD-000023",
    "market_id": "MKT-015",
    "entity_id": "wallet_02",
    "ts": "2026-01-10T16:54:44.920615Z",
    "side": "yes",
    "price": 0.0689,
    "quantity": 69.9402,
    "notional_usd": 4.821
  },
  {
    "trade_id": "TRD-000024",
    "market_id": "MKT-019",
    "entity_id": "wallet_02",
    "ts": "2026-01-18T16:39:44.920615Z",
    "side": "yes",
    "price": 0.103,
    "quantity": 572.1159,
    "notional_usd": 58.9202
  },
  {
    "trade_id": "TRD-000025",
    "market_id": "MKT-015",
    "entity_id": "wallet_02",
    "ts": "2026-01-10T16:48:44.920615Z",
    "side": "yes",
    "price": 0.3006,
    "quantity": 421.0418,
    "notional_usd": 126.5776
  },
  {
    "trade_id": "TRD-000026",
    "market_id": "MKT-018",
    "entity_id": "wallet_02",
    "ts": "2026-01-16T15:53:44.920615Z",
    "side": "no",
    "price": 0.4757,
    "quantity": 209.5378,
    "notional_usd": 99.6721
  },
  {
    "trade_id": "TRD-000027",
    "market_id": "MKT-015",
    "entity_id": "wallet_02",
    "ts": "2026-01-10T17:03:44.920615Z",
    "side": "no",
    "price": 0.42,
    "quantity": 296.3521,
    "notional_usd": 124.4655
  },
  {
    "trade_id": "TRD-000028",
    "market_id": "MKT-002",
    "entity_id": "wallet_02",
    "ts": "2025-12-27T16:46:44.920615Z",
    "side": "yes",
    "price": 0.7054,
    "quantity": 67.2779,
    "notional_usd": 47.4573
  },
  {
    "trade_id": "TRD-000029",
    "market_id": "MKT-004",
    "entity_id": "wallet_02",
    "ts": "2026-01-03T16:27:44.920615Z",
    "side": "yes",
    "price": 0.1762,
    "quantity": 438.3029,
    "notional_usd": 77.2132
  },
  {
    "trade_id": "TRD-000030",
    "market_id": "MKT-015",
    "entity_id": "wallet_02",
    "ts": "2026-01-10T12:12:44.920615Z",
    "side": "yes",
    "price": 0.8252,
    "quantity": 365.642,
    "notional_usd": 301.733
  },
  {
    "trade_id": "TRD-000031",
    "market_id": "MKT-002",
    "entity_id": "wallet_02",
    "ts": "2025-12-27T16:53:44.920615Z",
    "side": "yes",
    "price": 0.8837,
    "quantity": 775.8171,
    "notional_usd": 685.613
  },
  {
    "trade_id": "TRD-000032",
    "market_id": "MKT-006",
    "entity_id": "wallet_02",
    "ts": "2026-01-02T11:56:44.920615Z",
    "side": "no",
    "price": 0.4109,
    "quantity": 186.7229,
    "notional_usd": 76.7312
  },
  {
    "trade_id": "TRD-000033",
    "market_id": "MKT-015",
    "entity_id": "wallet_02",
    "ts": "2026-01-10T12:27:44.920615Z",
    "side": "no",
    "price": 0.7557,
    "quantity": 226.8584,
    "notional_usd": 171.4286
  },
  {
    "trade_id": "TRD-000034",
    "market_id": "MKT-014",
    "entity_id": "wallet_02",
    "ts": "2026-01-10T16:41:44.920615Z",
    "side": "no",
    "price": 0.317,
    "quantity": 140.7415,
    "notional_usd": 44.6203
  },
  {
    "trade_id": "TRD-000035",
    "market_id": "MKT-019",
    "entity_id": "wallet_02",
    "ts": "2026-01-15T16:53:44.920615Z",
    "side": "yes",
    "price": 0.1014,
    "quantity": 603.4209,
    "notional_usd": 61.2163
  },
  {
    "trade_id": "TRD-000036",
    "market_id": "MKT-017",
    "entity_id": "wallet_02",
    "ts": "2026-01-07T16:54:44.920615Z",
    "side": "yes",
    "price": 0.507,
    "quantity": 64.3661,
    "notional_usd": 32.6365
  },
  {
    "trade_id": "TRD-000037",
    "market_id": "MKT-003",
    "entity_id": "wallet_02",
    "ts": "2025-12-31T17:23:44.920615Z",
    "side": "yes",
    "price": 0.8974,
    "quantity": 334.9449,
    "notional_usd": 300.5918
  },
  {
    "trade_id": "TRD-000038",
    "market_id": "MKT-019",
    "entity_id": "wallet_02",
    "ts": "2026-01-17T17:25:44.920615Z",
    "side": "yes",
    "price": 0.5753,
    "quantity": 346.9954,
    "notional_usd": 199.6282
  },
  {
    "trade_id": "TRD-000039",
    "market_id": "MKT-009",
    "entity_id": "wallet_02",
    "ts": "2026-01-08T15:57:44.920615Z",
    "side": "no",
    "price": 0.4062,
    "quantity": 206.175,
    "notional_usd": 83.7498
  },
  {
    "trade_id": "TRD-000040",
    "market_id": "MKT-010",
    "entity_id": "wallet_02",
    "ts": "2026-01-05T12:07:44.920615Z",
    "side": "yes",
    "price": 0.609,
    "quantity": 27.2661,
    "notional_usd": 16.6062
  },
  {
    "trade_id": "TRD-000041",
    "market_id": "MKT-004",
    "entity_id": "wallet_02",
    "ts": "2026-01-03T16:35:44.920615Z",
    "side": "yes",
    "price": 0.1692,
    "quantity": 414.5901,
    "notional_usd": 70.1532
  },
  {
    "trade_id": "TRD-000042",
    "market_id": "MKT-012",
    "entity_id": "wallet_03",
    "ts": "2026-01-09T15:17:44.920615Z",
    "side": "no",
    "price": 0.6832,
    "quantity": 670.3211,
    "notional_usd": 457.9539
  },
  {
    "trade_id": "TRD-000043",
    "market_id": "MKT-021",
    "entity_id": "wallet_03",
    "ts": "2026-01-16T17:27:44.920615Z",
    "side": "no",
    "price": 0.1432,
    "quantity": 746.7697,
    "notional_usd": 106.9582
  },
  {
    "trade_id": "TRD-000044",
    "market_id": "MKT-009",
    "entity_id": "wallet_03",
    "ts": "2026-01-08T17:03:44.920615Z",
    "side": "yes",
    "price": 0.5943,
    "quantity": 232.4316,
    "notional_usd": 138.145
  },
  {
    "trade_id": "TRD-000045",
    "market_id": "MKT-007",
    "entity_id": "wallet_03",
    "ts": "2026-01-01T16:47:44.920615Z",
    "side": "no",
    "price": 0.276,
    "quantity": 414.2191,
    "notional_usd": 114.3282
  },
  {
    "trade_id": "TRD-000046",
    "market_id": "MKT-002",
    "entity_id": "wallet_03",
    "ts": "2025-12-30T16:29:44.920615Z",
    "side": "no",
    "price": 0.0897,
    "quantity": 666.8915,
    "notional_usd": 59.8056
  },
  {
    "trade_id": "TRD-000047",
    "market_id": "MKT-003",
    "entity_id": "wallet_03",
    "ts": "2026-01-01T15:59:44.920615Z",
    "side": "no",
    "price": 0.4477,
    "quantity": 146.0339,
    "notional_usd": 65.3724
  },
  {
    "trade_id": "TRD-000048",
    "market_id": "MKT-018",
    "entity_id": "wallet_03",
    "ts": "2026-01-16T17:02:44.920615Z",
    "side": "yes",
    "price": 0.6719,
    "quantity": 757.1397,
    "notional_usd": 508.7356
  },
  {
    "trade_id": "TRD-000049",
    "market_id": "MKT-003",
    "entity_id": "wallet_03",
    "ts": "2026-01-01T16:46:44.920615Z",
    "side": "yes",
    "price": 0.0876,
    "quantity": 355.2336,
    "notional_usd": 31.1348
  },
  {
    "trade_id": "TRD-000050",
    "market_id": "MKT-003",
    "entity_id": "wallet_03",
    "ts": "2025-12-25T17:25:44.920615Z",
    "side": "no",
    "price": 0.2746,
    "quantity": 183.8597,
    "notional_usd": 50.4836
  },
  {
    "trade_id": "TRD-000051",
    "market_id": "MKT-003",
    "entity_id": "wallet_03",
    "ts": "2025-12-25T16:52:44.920615Z",
    "side": "no",
    "price": 0.7245,
    "quantity": 779.5929,
    "notional_usd": 564.8383
  },
  {
    "trade_id": "TRD-000052",
    "market_id": "MKT-008",
    "entity_id": "wallet_03",
    "ts": "2025-12-30T17:17:44.920615Z",
    "side": "yes",
    "price": 0.0723,
    "quantity": 707.5046,
    "notional_usd": 51.1581
  },
  {
    "trade_id": "TRD-000053",
    "market_id": "MKT-011",
    "entity_id": "wallet_03",
    "ts": "2025-12-31T17:01:44.920615Z",
    "side": "yes",
    "price": 0.7586,
    "quantity": 228.1085,
    "notional_usd": 173.0515
  },
  {
    "trade_id": "TRD-000054",
    "market_id": "MKT-003",
    "entity_id": "wallet_03",
    "ts": "2025-12-25T17:25:44.920615Z",
    "side": "no",
    "price": 0.7849,
    "quantity": 193.4983,
    "notional_usd": 151.8822
  },
  {
    "trade_id": "TRD-000055",
    "market_id": "MKT-010",
    "entity_id": "wallet_03",
    "ts": "2025-12-29T16:37:44.920615Z",
    "side": "yes",
    "price": 0.644,
    "quantity": 193.8804,
    "notional_usd": 124.8647
  },
  {
    "trade_id": "TRD-000056",
    "market_id": "MKT-003",
    "entity_id": "wallet_03",
    "ts": "2026-01-01T15:23:44.920615Z",
    "side": "no",
    "price": 0.5085,
    "quantity": 293.894,
    "notional_usd": 149.4348
  },
  {
    "trade_id": "TRD-000057",
    "market_id": "MKT-018",
    "entity_id": "wallet_03",
    "ts": "2026-01-16T15:26:44.920615Z",
    "side": "yes",
    "price": 0.2851,
    "quantity": 704.09,
    "notional_usd": 200.7316
  },
  {
    "trade_id": "TRD-000058",
    "market_id": "MKT-009",
    "entity_id": "wallet_03",
    "ts": "2026-01-08T17:03:44.920615Z",
    "side": "no",
    "price": 0.7578,
    "quantity": 289.6359,
    "notional_usd": 219.4819
  },
  {
    "trade_id": "TRD-000059",
    "market_id": "MKT-003",
    "entity_id": "wallet_03",
    "ts": "2025-12-31T17:20:44.920615Z",
    "side": "no",
    "price": 0.2211,
    "quantity": 721.6137,
    "notional_usd": 159.5278
  },
  {
    "trade_id": "TRD-000060",
    "market_id": "MKT-003",
    "entity_id": "wallet_03",
    "ts": "2026-01-01T12:27:44.920615Z",
    "side": "yes",
    "price": 0.113,
    "quantity": 304.0927,
    "notional_usd": 34.3553
  },
  {
    "trade_id": "TRD-000061",
    "market_id": "MKT-022",
    "entity_id": "wallet_04",
    "ts": "2026-01-12T17:20:44.920615Z",
    "side": "no",
    "price": 0.6502,
    "quantity": 415.5556,
    "notional_usd": 270.1957
  },
  {
    "trade_id": "TRD-000062",
    "market_id": "MKT-011",
    "entity_id": "wallet_04",
    "ts": "2026-01-04T17:09:44.920615Z",
    "side": "yes",
    "price": 0.6484,
    "quantity": 169.6353,
    "notional_usd": 109.9977
  },
  {
    "trade_id": "TRD-000063",
    "market_id": "MKT-011",
    "entity_id": "wallet_04",
    "ts": "2026-01-04T17:16:44.920615Z",
    "side": "no",
    "price": 0.8004,
    "quantity": 336.7386,
    "notional_usd": 269.5097
  },
  {
    "trade_id": "TRD-000064",
    "market_id": "MKT-011",
    "entity_id": "wallet_04",
    "ts": "2026-01-07T16:12:44.920615Z",
    "side": "no",
    "price": 0.4479,
    "quantity": 382.6908,
    "notional_usd": 171.424
  },
  {
    "trade_id": "TRD-000065",
    "market_id": "MKT-011",
    "entity_id": "wallet_04",
    "ts": "2026-01-07T11:37:44.920615Z",
    "side": "yes",
    "price": 0.3054,
    "quantity": 533.9036,
    "notional_usd": 163.0583
  },
  {
    "trade_id": "TRD-000066",
    "market_id": "MKT-020",
    "entity_id": "wallet_04",
    "ts": "2026-01-15T15:22:44.920615Z",
    "side": "yes",
    "price": 0.2522,
    "quantity": 544.7806,
    "notional_usd": 137.3809
  },
  {
    "trade_id": "TRD-000067",
    "market_id": "MKT-011",
    "entity_id": "wallet_04",
    "ts": "2026-01-07T17:07:44.920615Z",
    "side": "yes",
    "price": 0.6001,
    "quantity": 787.4701,
    "notional_usd": 472.5975
  },
  {
    "trade_id": "TRD-000068",
    "market_id": "MKT-015",
    "entity_id": "wallet_04",
    "ts": "2026-01-10T11:47:44.920615Z",
    "side": "yes",
    "price": 0.3956,
    "quantity": 580.3098,
    "notional_usd": 229.5593
  },
  {
    "trade_id": "TRD-000069",
    "market_id": "MKT-011",
    "entity_id": "wallet_04",
    "ts": "2026-01-07T15:58:44.920615Z",
    "side": "yes",
    "price": 0.8244,
    "quantity": 716.2747,
    "notional_usd": 590.4943
  },
  {
    "trade_id": "TRD-000070",
    "market_id": "MKT-025",
    "entity_id": "wallet_04",
    "ts": "2026-01-20T12:13:44.920615Z",
    "side": "yes",
    "price": 0.6763,
    "quantity": 647.2057,
    "notional_usd": 437.7185
  },
  {
    "trade_id": "TRD-000071",
    "market_id": "MKT-018",
    "entity_id": "wallet_04",
    "ts": "2026-01-16T16:32:44.920615Z",
    "side": "no",
    "price": 0.4682,
    "quantity": 124.0045,
    "notional_usd": 58.0563
  },
  {
    "trade_id": "TRD-000072",
    "market_id": "MKT-018",
    "entity_id": "wallet_04",
    "ts": "2026-01-15T17:07:44.920615Z",
    "side": "no",
    "price": 0.6973,
    "quantity": 497.8688,
    "notional_usd": 347.1871
  },
  {
    "trade_id": "TRD-000073",
    "market_id": "MKT-018",
    "entity_id": "wallet_04",
    "ts": "2026-01-16T12:17:44.920615Z",
    "side": "no",
    "price": 0.7266,
    "quantity": 371.0544,
    "notional_usd": 269.6078
  },
  {
    "trade_id": "TRD-000074",
    "market_id": "MKT-009",
    "entity_id": "wallet_04",
    "ts": "2026-01-01T16:38:44.920615Z",
    "side": "no",
    "price": 0.2971,
    "quantity": 508.8638,
    "notional_usd": 151.2026
  },
  {
    "trade_id": "TRD-000075",
    "market_id": "MKT-011",
    "entity_id": "wallet_04",
    "ts": "2026-01-07T15:12:44.920615Z",
    "side": "no",
    "price": 0.8537,
    "quantity": 281.9611,
    "notional_usd": 240.717
  },
  {
    "trade_id": "TRD-000076",
    "market_id": "MKT-011",
    "entity_id": "wallet_04",
    "ts": "2026-01-07T16:25:44.920615Z",
    "side": "no",
    "price": 0.6858,
    "quantity": 561.2809,
    "notional_usd": 384.9136
  },
  {
    "trade_id": "TRD-000077",
    "market_id": "MKT-011",
    "entity_id": "wallet_04",
    "ts": "2026-01-07T12:06:44.920615Z",
    "side": "no",
    "price": 0.2362,
    "quantity": 344.3039,
    "notional_usd": 81.3077
  },
  {
    "trade_id": "TRD-000078",
    "market_id": "MKT-011",
    "entity_id": "wallet_04",
    "ts": "2025-12-31T16:50:44.920615Z",
    "side": "yes",
    "price": 0.739,
    "quantity": 688.251,
    "notional_usd": 508.6416
  },
  {
    "trade_id": "TRD-000079",
    "market_id": "MKT-011",
    "entity_id": "wallet_04",
    "ts": "2026-01-07T16:47:44.920615Z",
    "side": "no",
    "price": 0.8181,
    "quantity": 607.7106,
    "notional_usd": 497.17
  },
  {
    "trade_id": "TRD-000080",
    "market_id": "MKT-014",
    "entity_id": "wallet_04",
    "ts": "2026-01-12T16:40:44.920615Z",
    "side": "yes",
    "price": 0.2956,
    "quantity": 400.819,
    "notional_usd": 118.4988
  },
  {
    "trade_id": "TRD-000081",
    "market_id": "MKT-013",
    "entity_id": "wallet_04",
    "ts": "2026-01-11T14:45:44.920615Z",
    "side": "no",
    "price": 0.8065,
    "quantity": 584.8615,
    "notional_usd": 471.6645
  },
  {
    "trade_id": "TRD-000082",
    "market_id": "MKT-020",
    "entity_id": "wallet_04",
    "ts": "2026-01-14T17:26:44.920615Z",
    "side": "no",
    "price": 0.6467,
    "quantity": 481.6764,
    "notional_usd": 311.5
  },
  {
    "trade_id": "TRD-000083",
    "market_id": "MKT-011",
    "entity_id": "wallet_04",
    "ts": "2026-01-07T12:19:44.920615Z",
    "side": "no",
    "price": 0.2841,
    "quantity": 161.7486,
    "notional_usd": 45.9594
  },
  {
    "trade_id": "TRD-000084",
    "market_id": "MKT-011",
    "entity_id": "wallet_04",
    "ts": "2026-01-07T12:07:44.920615Z",
    "side": "no",
    "price": 0.3912,
    "quantity": 613.7592,
    "notional_usd": 240.1109
  },
  {
    "trade_id": "TRD-000085",
    "market_id": "MKT-014",
    "entity_id": "wallet_05",
    "ts": "2026-01-13T16:39:44.920615Z",
    "side": "yes",
    "price": 0.0969,
    "quantity": 604.2389,
    "notional_usd": 58.5369
  },
  {
    "trade_id": "TRD-000086",
    "market_id": "MKT-008",
    "entity_id": "wallet_05",
    "ts": "2026-01-03T17:23:44.920615Z",
    "side": "yes",
    "price": 0.9047,
    "quantity": 608.3019,
    "notional_usd": 550.3007
  },
  {
    "trade_id": "TRD-000087",
    "market_id": "MKT-014",
    "entity_id": "wallet_05",
    "ts": "2026-01-13T16:30:44.920615Z",
    "side": "yes",
    "price": 0.4762,
    "quantity": 206.0651,
    "notional_usd": 98.1292
  },
  {
    "trade_id": "TRD-000088",
    "market_id": "MKT-014",
    "entity_id": "wallet_05",
    "ts": "2026-01-13T16:10:44.920615Z",
    "side": "no",
    "price": 0.201,
    "quantity": 618.1805,
    "notional_usd": 124.2606
  },
  {
    "trade_id": "TRD-000089",
    "market_id": "MKT-024",
    "entity_id": "wallet_05",
    "ts": "2026-01-20T17:20:44.920615Z",
    "side": "yes",
    "price": 0.1473,
    "quantity": 772.4822,
    "notional_usd": 113.778
  },
  {
    "trade_id": "TRD-000090",
    "market_id": "MKT-014",
    "entity_id": "wallet_05",
    "ts": "2026-01-13T14:51:44.920615Z",
    "side": "no",
    "price": 0.6935,
    "quantity": 329.3905,
    "notional_usd": 228.4366
  },
  {
    "trade_id": "TRD-000091",
    "market_id": "MKT-014",
    "entity_id": "wallet_05",
    "ts": "2026-01-10T16:47:44.920615Z",
    "side": "yes",
    "price": 0.7452,
    "quantity": 99.483,
    "notional_usd": 74.138
  },
  {
    "trade_id": "TRD-000092",
    "market_id": "MKT-020",
    "entity_id": "wallet_05",
    "ts": "2026-01-08T17:20:44.920615Z",
    "side": "yes",
    "price": 0.4355,
    "quantity": 290.8189,
    "notional_usd": 126.6633
  },
  {
    "trade_id": "TRD-000093",
    "market_id": "MKT-014",
    "entity_id": "wallet_05",
    "ts": "2026-01-12T16:46:44.920615Z",
    "side": "no",
    "price": 0.4281,
    "quantity": 29.8687,
    "notional_usd": 12.7854
  },
  {
    "trade_id": "TRD-000094",
    "market_id": "MKT-014",
    "entity_id": "wallet_05",
    "ts": "2026-01-13T14:47:44.920615Z",
    "side": "no",
    "price": 0.4419,
    "quantity": 571.7007,
    "notional_usd": 252.6565
  },
  {
    "trade_id": "TRD-000095",
    "market_id": "MKT-021",
    "entity_id": "wallet_05",
    "ts": "2026-01-17T14:48:44.920615Z",
    "side": "no",
    "price": 0.7932,
    "quantity": 382.6015,
    "notional_usd": 303.4647
  },
  {
    "trade_id": "TRD-000096",
    "market_id": "MKT-011",
    "entity_id": "wallet_05",
    "ts": "2025-12-31T17:12:44.920615Z",
    "side": "yes",
    "price": 0.4557,
    "quantity": 237.564,
    "notional_usd": 108.2631
  },
  {
    "trade_id": "TRD-000097",
    "market_id": "MKT-019",
    "entity_id": "wallet_05",
    "ts": "2026-01-17T16:45:44.920615Z",
    "side": "no",
    "price": 0.4949,
    "quantity": 282.3894,
    "notional_usd": 139.7477
  },
  {
    "trade_id": "TRD-000098",
    "market_id": "MKT-014",
    "entity_id": "wallet_05",
    "ts": "2026-01-13T12:14:44.920615Z",
    "side": "no",
    "price": 0.3563,
    "quantity": 642.3092,
    "notional_usd": 228.858
  },
  {
    "trade_id": "TRD-000099",
    "market_id": "MKT-023",
    "entity_id": "wallet_05",
    "ts": "2026-01-21T14:52:44.920615Z",
    "side": "yes",
    "price": 0.222,
    "quantity": 422.9693,
    "notional_usd": 93.8784
  },
  {
    "trade_id": "TRD-000100",
    "market_id": "MKT-014",
    "entity_id": "wallet_05",
    "ts": "2026-01-13T11:56:44.920615Z",
    "side": "yes",
    "price": 0.6313,
    "quantity": 558.6753,
    "notional_usd": 352.6988
  },
  {
    "trade_id": "TRD-000101",
    "market_id": "MKT-001",
    "entity_id": "wallet_05",
    "ts": "2025-12-28T16:51:44.920615Z",
    "side": "yes",
    "price": 0.269,
    "quantity": 335.4329,
    "notional_usd": 90.2229
  },
  {
    "trade_id": "TRD-000102",
    "market_id": "MKT-012",
    "entity_id": "wallet_05",
    "ts": "2026-01-09T11:52:44.920615Z",
    "side": "no",
    "price": 0.7213,
    "quantity": 351.893,
    "notional_usd": 253.8351
  },
  {
    "trade_id": "TRD-000103",
    "market_id": "MKT-014",
    "entity_id": "wallet_05",
    "ts": "2026-01-10T16:58:44.920615Z",
    "side": "no",
    "price": 0.2575,
    "quantity": 259.1659,
    "notional_usd": 66.7311
  },
  {
    "trade_id": "TRD-000104",
    "market_id": "MKT-011",
    "entity_id": "wallet_05",
    "ts": "2026-01-07T16:22:44.920615Z",
    "side": "yes",
    "price": 0.7147,
    "quantity": 169.402,
    "notional_usd": 121.0791
  },
  {
    "trade_id": "TRD-000105",
    "market_id": "MKT-014",
    "entity_id": "wallet_05",
    "ts": "2026-01-12T16:39:44.920615Z",
    "side": "no",
    "price": 0.7994,
    "quantity": 784.7983,
    "notional_usd": 627.3407
  },
  {
    "trade_id": "TRD-000106",
    "market_id": "MKT-014",
    "entity_id": "wallet_05",
    "ts": "2026-01-13T15:16:44.920615Z",
    "side": "no",
    "price": 0.5307,
    "quantity": 31.0357,
    "notional_usd": 16.4713
  },
  {
    "trade_id": "TRD-000107",
    "market_id": "MKT-014",
    "entity_id": "wallet_05",
    "ts": "2026-01-13T16:34:44.920615Z",
    "side": "no",
    "price": 0.1637,
    "quantity": 563.9856,
    "notional_usd": 92.2971
  },
  {
    "trade_id": "TRD-000108",
    "market_id": "MKT-016",
    "entity_id": "wallet_05",
    "ts": "2026-01-12T17:09:44.920615Z",
    "side": "no",
    "price": 0.4464,
    "quantity": 386.1296,
    "notional_usd": 172.3767
  },
  {
    "trade_id": "TRD-000109",
    "market_id": "MKT-014",
    "entity_id": "wallet_05",
    "ts": "2026-01-13T16:53:44.920615Z",
    "side": "no",
    "price": 0.1088,
    "quantity": 108.988,
    "notional_usd": 11.8589
  },
  {
    "trade_id": "TRD-000110",
    "market_id": "MKT-019",
    "entity_id": "wallet_05",
    "ts": "2026-01-15T16:44:44.920615Z",
    "side": "yes",
    "price": 0.78,
    "quantity": 138.3471,
    "notional_usd": 107.9146
  },
  {
    "trade_id": "TRD-000111",
    "market_id": "MKT-004",
    "entity_id": "wallet_06",
    "ts": "2026-01-02T16:39:44.920615Z",
    "side": "no",
    "price": 0.7617,
    "quantity": 492.9278,
    "notional_usd": 375.4467
  },
  {
    "trade_id": "TRD-000112",
    "market_id": "MKT-003",
    "entity_id": "wallet_06",
    "ts": "2025-12-31T17:03:44.920615Z",
    "side": "no",
    "price": 0.3176,
    "quantity": 728.6334,
    "notional_usd": 231.427
  },
  {
    "trade_id": "TRD-000113",
    "market_id": "MKT-014",
    "entity_id": "wallet_06",
    "ts": "2026-01-13T14:51:44.920615Z",
    "side": "yes",
    "price": 0.7161,
    "quantity": 495.5121,
    "notional_usd": 354.8265
  },
  {
    "trade_id": "TRD-000114",
    "market_id": "MKT-007",
    "entity_id": "wallet_06",
    "ts": "2026-01-01T17:14:44.920615Z",
    "side": "no",
    "price": 0.1914,
    "quantity": 535.1339,
    "notional_usd": 102.3986
  },
  {
    "trade_id": "TRD-000115",
    "market_id": "MKT-003",
    "entity_id": "wallet_06",
    "ts": "2026-01-01T16:59:44.920615Z",
    "side": "yes",
    "price": 0.6704,
    "quantity": 338.6437,
    "notional_usd": 227.0383
  },
  {
    "trade_id": "TRD-000116",
    "market_id": "MKT-002",
    "entity_id": "wallet_06",
    "ts": "2025-12-30T16:21:44.920615Z",
    "side": "no",
    "price": 0.4586,
    "quantity": 568.3303,
    "notional_usd": 260.6523
  },
  {
    "trade_id": "TRD-000117",
    "market_id": "MKT-009",
    "entity_id": "wallet_06",
    "ts": "2026-01-01T16:37:44.920615Z",
    "side": "yes",
    "price": 0.5401,
    "quantity": 351.6084,
    "notional_usd": 189.9059
  },
  {
    "trade_id": "TRD-000118",
    "market_id": "MKT-009",
    "entity_id": "wallet_06",
    "ts": "2026-01-01T17:18:44.920615Z",
    "side": "yes",
    "price": 0.7634,
    "quantity": 66.5177,
    "notional_usd": 50.7773
  },
  {
    "trade_id": "TRD-000119",
    "market_id": "MKT-019",
    "entity_id": "wallet_06",
    "ts": "2026-01-18T14:59:44.920615Z",
    "side": "yes",
    "price": 0.3237,
    "quantity": 385.5844,
    "notional_usd": 124.8068
  },
  {
    "trade_id": "TRD-000120",
    "market_id": "MKT-003",
    "entity_id": "wallet_06",
    "ts": "2026-01-01T14:55:44.920615Z",
    "side": "no",
    "price": 0.5882,
    "quantity": 361.4519,
    "notional_usd": 212.6179
  },
  {
    "trade_id": "TRD-000121",
    "market_id": "MKT-024",
    "entity_id": "wallet_06",
    "ts": "2026-01-23T14:49:44.920615Z",
    "side": "no",
    "price": 0.256,
    "quantity": 40.1746,
    "notional_usd": 10.286
  },
  {
    "trade_id": "TRD-000122",
    "market_id": "MKT-019",
    "entity_id": "wallet_06",
    "ts": "2026-01-17T17:26:44.920615Z",
    "side": "no",
    "price": 0.7368,
    "quantity": 469.4726,
    "notional_usd": 345.9066
  },
  {
    "trade_id": "TRD-000123",
    "market_id": "MKT-003",
    "entity_id": "wallet_06",
    "ts": "2025-12-31T16:46:44.920615Z",
    "side": "no",
    "price": 0.2133,
    "quantity": 734.5368,
    "notional_usd": 156.7062
  },
  {
    "trade_id": "TRD-000124",
    "market_id": "MKT-021",
    "entity_id": "wallet_06",
    "ts": "2026-01-10T16:56:44.920615Z",
    "side": "yes",
    "price": 0.4175,
    "quantity": 386.6081,
    "notional_usd": 161.414
  },
  {
    "trade_id": "TRD-000125",
    "market_id": "MKT-003",
    "entity_id": "wallet_06",
    "ts": "2026-01-01T16:59:44.920615Z",
    "side": "no",
    "price": 0.4959,
    "quantity": 341.0832,
    "notional_usd": 169.1507
  },
  {
    "trade_id": "TRD-000126",
    "market_id": "MKT-013",
    "entity_id": "wallet_06",
    "ts": "2026-01-04T16:39:44.920615Z",
    "side": "yes",
    "price": 0.3331,
    "quantity": 374.7642,
    "notional_usd": 124.821
  },
  {
    "trade_id": "TRD-000127",
    "market_id": "MKT-003",
    "entity_id": "wallet_06",
    "ts": "2025-12-25T17:02:44.920615Z",
    "side": "yes",
    "price": 0.5383,
    "quantity": 532.9751,
    "notional_usd": 286.9187
  },
  {
    "trade_id": "TRD-000128",
    "market_id": "MKT-003",
    "entity_id": "wallet_06",
    "ts": "2026-01-01T16:06:44.920615Z",
    "side": "no",
    "price": 0.4986,
    "quantity": 505.6544,
    "notional_usd": 252.1414
  },
  {
    "trade_id": "TRD-000129",
    "market_id": "MKT-025",
    "entity_id": "wallet_07",
    "ts": "2026-01-20T14:52:44.920615Z",
    "side": "yes",
    "price": 0.4443,
    "quantity": 743.5848,
    "notional_usd": 330.378
  },
  {
    "trade_id": "TRD-000130",
    "market_id": "MKT-004",
    "entity_id": "wallet_07",
    "ts": "2026-01-03T16:29:44.920615Z",
    "side": "yes",
    "price": 0.3297,
    "quantity": 573.6306,
    "notional_usd": 189.1117
  },
  {
    "trade_id": "TRD-000131",
    "market_id": "MKT-025",
    "entity_id": "wallet_07",
    "ts": "2026-01-20T12:22:44.920615Z",
    "side": "yes",
    "price": 0.8716,
    "quantity": 793.9606,
    "notional_usd": 692.0453
  },
  {
    "trade_id": "TRD-000132",
    "market_id": "MKT-004",
    "entity_id": "wallet_07",
    "ts": "2025-12-31T17:18:44.920615Z",
    "side": "no",
    "price": 0.3127,
    "quantity": 747.4694,
    "notional_usd": 233.7153
  },
  {
    "trade_id": "TRD-000133",
    "market_id": "MKT-014",
    "entity_id": "wallet_07",
    "ts": "2026-01-06T16:57:44.920615Z",
    "side": "no",
    "price": 0.5461,
    "quantity": 210.1101,
    "notional_usd": 114.7492
  },
  {
    "trade_id": "TRD-000134",
    "market_id": "MKT-025",
    "entity_id": "wallet_07",
    "ts": "2026-01-19T16:55:44.920615Z",
    "side": "yes",
    "price": 0.2986,
    "quantity": 693.941,
    "notional_usd": 207.2265
  },
  {
    "trade_id": "TRD-000135",
    "market_id": "MKT-014",
    "entity_id": "wallet_07",
    "ts": "2026-01-13T14:37:44.920615Z",
    "side": "no",
    "price": 0.3046,
    "quantity": 660.0286,
    "notional_usd": 201.0151
  },
  {
    "trade_id": "TRD-000136",
    "market_id": "MKT-025",
    "entity_id": "wallet_07",
    "ts": "2026-01-19T16:50:44.920615Z",
    "side": "no",
    "price": 0.4519,
    "quantity": 694.9033,
    "notional_usd": 314.0217
  },
  {
    "trade_id": "TRD-000137",
    "market_id": "MKT-011",
    "entity_id": "wallet_07",
    "ts": "2026-01-06T16:39:44.920615Z",
    "side": "no",
    "price": 0.3396,
    "quantity": 375.1688,
    "notional_usd": 127.4072
  },
  {
    "trade_id": "TRD-000138",
    "market_id": "MKT-025",
    "entity_id": "wallet_07",
    "ts": "2026-01-17T17:12:44.920615Z",
    "side": "no",
    "price": 0.748,
    "quantity": 202.1787,
    "notional_usd": 151.2277
  },
  {
    "trade_id": "TRD-000139",
    "market_id": "MKT-025",
    "entity_id": "wallet_07",
    "ts": "2026-01-17T16:57:44.920615Z",
    "side": "no",
    "price": 0.6473,
    "quantity": 321.1414,
    "notional_usd": 207.8813
  },
  {
    "trade_id": "TRD-000140",
    "market_id": "MKT-005",
    "entity_id": "wallet_07",
    "ts": "2025-12-31T12:25:44.920615Z",
    "side": "yes",
    "price": 0.5812,
    "quantity": 411.7871,
    "notional_usd": 239.3152
  },
  {
    "trade_id": "TRD-000141",
    "market_id": "MKT-015",
    "entity_id": "wallet_07",
    "ts": "2026-01-10T16:36:44.920615Z",
    "side": "no",
    "price": 0.1797,
    "quantity": 31.9711,
    "notional_usd": 5.7465
  },
  {
    "trade_id": "TRD-000142",
    "market_id": "MKT-005",
    "entity_id": "wallet_07",
    "ts": "2025-12-31T16:39:44.920615Z",
    "side": "no",
    "price": 0.6734,
    "quantity": 284.0778,
    "notional_usd": 191.3077
  },
  {
    "trade_id": "TRD-000143",
    "market_id": "MKT-011",
    "entity_id": "wallet_07",
    "ts": "2025-12-31T16:44:44.920615Z",
    "side": "no",
    "price": 0.6141,
    "quantity": 764.2289,
    "notional_usd": 469.3277
  },
  {
    "trade_id": "TRD-000144",
    "market_id": "MKT-016",
    "entity_id": "wallet_07",
    "ts": "2026-01-05T16:53:44.920615Z",
    "side": "yes",
    "price": 0.2613,
    "quantity": 501.6184,
    "notional_usd": 131.0695
  },
  {
    "trade_id": "TRD-000145",
    "market_id": "MKT-010",
    "entity_id": "wallet_07",
    "ts": "2026-01-05T15:52:44.920615Z",
    "side": "yes",
    "price": 0.1386,
    "quantity": 358.4977,
    "notional_usd": 49.6874
  },
  {
    "trade_id": "TRD-000146",
    "market_id": "MKT-004",
    "entity_id": "wallet_07",
    "ts": "2026-01-03T12:17:44.920615Z",
    "side": "no",
    "price": 0.0914,
    "quantity": 724.6708,
    "notional_usd": 66.229
  },
  {
    "trade_id": "TRD-000147",
    "market_id": "MKT-010",
    "entity_id": "wallet_07",
    "ts": "2026-01-05T15:04:44.920615Z",
    "side": "no",
    "price": 0.528,
    "quantity": 133.5444,
    "notional_usd": 70.5181
  },
  {
    "trade_id": "TRD-000148",
    "market_id": "MKT-006",
    "entity_id": "wallet_07",
    "ts": "2026-01-02T16:28:44.920615Z",
    "side": "yes",
    "price": 0.3943,
    "quantity": 495.4036,
    "notional_usd": 195.3326
  },
  {
    "trade_id": "TRD-000149",
    "market_id": "MKT-016",
    "entity_id": "wallet_07",
    "ts": "2026-01-11T17:18:44.920615Z",
    "side": "yes",
    "price": 0.2786,
    "quantity": 379.6969,
    "notional_usd": 105.7758
  },
  {
    "trade_id": "TRD-000150",
    "market_id": "MKT-022",
    "entity_id": "wallet_08",
    "ts": "2026-01-12T16:58:44.920615Z",
    "side": "no",
    "price": 0.1922,
    "quantity": 548.5365,
    "notional_usd": 105.4167
  },
  {
    "trade_id": "TRD-000151",
    "market_id": "MKT-022",
    "entity_id": "wallet_08",
    "ts": "2026-01-19T14:50:44.920615Z",
    "side": "no",
    "price": 0.4319,
    "quantity": 518.3722,
    "notional_usd": 223.8736
  },
  {
    "trade_id": "TRD-000152",
    "market_id": "MKT-022",
    "entity_id": "wallet_08",
    "ts": "2026-01-12T17:08:44.920615Z",
    "side": "yes",
    "price": 0.818,
    "quantity": 799.5114,
    "notional_usd": 654.0018
  },
  {
    "trade_id": "TRD-000153",
    "market_id": "MKT-022",
    "entity_id": "wallet_08",
    "ts": "2026-01-19T11:51:44.920615Z",
    "side": "no",
    "price": 0.9434,
    "quantity": 468.3533,
    "notional_usd": 441.8552
  },
  {
    "trade_id": "TRD-000154",
    "market_id": "MKT-022",
    "entity_id": "wallet_08",
    "ts": "2026-01-12T16:45:44.920615Z",
    "side": "no",
    "price": 0.5593,
    "quantity": 234.0947,
    "notional_usd": 130.9376
  },
  {
    "trade_id": "TRD-000155",
    "market_id": "MKT-024",
    "entity_id": "wallet_08",
    "ts": "2026-01-23T16:31:44.920615Z",
    "side": "no",
    "price": 0.8626,
    "quantity": 669.6143,
    "notional_usd": 577.6371
  },
  {
    "trade_id": "TRD-000156",
    "market_id": "MKT-008",
    "entity_id": "wallet_08",
    "ts": "2026-01-05T17:05:44.920615Z",
    "side": "yes",
    "price": 0.6088,
    "quantity": 516.5619,
    "notional_usd": 314.484
  },
  {
    "trade_id": "TRD-000157",
    "market_id": "MKT-024",
    "entity_id": "wallet_08",
    "ts": "2026-01-16T16:45:44.920615Z",
    "side": "yes",
    "price": 0.8631,
    "quantity": 510.0335,
    "notional_usd": 440.1912
  },
  {
    "trade_id": "TRD-000158",
    "market_id": "MKT-010",
    "entity_id": "wallet_08",
    "ts": "2025-12-29T16:59:44.920615Z",
    "side": "yes",
    "price": 0.7091,
    "quantity": 472.0676,
    "notional_usd": 334.7543
  },
  {
    "trade_id": "TRD-000159",
    "market_id": "MKT-022",
    "entity_id": "wallet_08",
    "ts": "2026-01-19T15:07:44.920615Z",
    "side": "no",
    "price": 0.1689,
    "quantity": 156.9993,
    "notional_usd": 26.5241
  },
  {
    "trade_id": "TRD-000160",
    "market_id": "MKT-012",
    "entity_id": "wallet_08",
    "ts": "2026-01-08T16:55:44.920615Z",
    "side": "no",
    "price": 0.2813,
    "quantity": 667.7686,
    "notional_usd": 187.8253
  },
  {
    "trade_id": "TRD-000161",
    "market_id": "MKT-016",
    "entity_id": "wallet_08",
    "ts": "2026-01-05T17:09:44.920615Z",
    "side": "no",
    "price": 0.4715,
    "quantity": 647.3014,
    "notional_usd": 305.2015
  },
  {
    "trade_id": "TRD-000162",
    "market_id": "MKT-022",
    "entity_id": "wallet_08",
    "ts": "2026-01-12T17:13:44.920615Z",
    "side": "no",
    "price": 0.7741,
    "quantity": 774.4704,
    "notional_usd": 599.5399
  },
  {
    "trade_id": "TRD-000163",
    "market_id": "MKT-022",
    "entity_id": "wallet_08",
    "ts": "2026-01-12T17:02:44.920615Z",
    "side": "yes",
    "price": 0.1612,
    "quantity": 226.2777,
    "notional_usd": 36.4827
  },
  {
    "trade_id": "TRD-000164",
    "market_id": "MKT-022",
    "entity_id": "wallet_08",
    "ts": "2026-01-16T16:44:44.920615Z",
    "side": "no",
    "price": 0.7902,
    "quantity": 475.9569,
    "notional_usd": 376.0895
  },
  {
    "trade_id": "TRD-000165",
    "market_id": "MKT-004",
    "entity_id": "wallet_08",
    "ts": "2025-12-31T17:13:44.920615Z",
    "side": "no",
    "price": 0.8458,
    "quantity": 39.5192,
    "notional_usd": 33.4258
  },
  {
    "trade_id": "TRD-000166",
    "market_id": "MKT-020",
    "entity_id": "wallet_08",
    "ts": "2026-01-15T15:58:44.920615Z",
    "side": "yes",
    "price": 0.4678,
    "quantity": 515.6151,
    "notional_usd": 241.2258
  },
  {
    "trade_id": "TRD-000167",
    "market_id": "MKT-021",
    "entity_id": "wallet_08",
    "ts": "2026-01-17T12:20:44.920615Z",
    "side": "yes",
    "price": 0.0835,
    "quantity": 55.3705,
    "notional_usd": 4.6229
  },
  {
    "trade_id": "TRD-000168",
    "market_id": "MKT-004",
    "entity_id": "wallet_09",
    "ts": "2026-01-02T17:19:44.920615Z",
    "side": "no",
    "price": 0.6534,
    "quantity": 373.8421,
    "notional_usd": 244.2825
  },
  {
    "trade_id": "TRD-000169",
    "market_id": "MKT-018",
    "entity_id": "wallet_09",
    "ts": "2026-01-16T11:50:44.920615Z",
    "side": "yes",
    "price": 0.6394,
    "quantity": 710.6228,
    "notional_usd": 454.3933
  },
  {
    "trade_id": "TRD-000170",
    "market_id": "MKT-020",
    "entity_id": "wallet_09",
    "ts": "2026-01-15T12:10:44.920615Z",
    "side": "yes",
    "price": 0.2455,
    "quantity": 558.4189,
    "notional_usd": 137.1157
  },
  {
    "trade_id": "TRD-000171",
    "market_id": "MKT-004",
    "entity_id": "wallet_09",
    "ts": "2026-01-03T16:16:44.920615Z",
    "side": "yes",
    "price": 0.3806,
    "quantity": 785.1236,
    "notional_usd": 298.8192
  },
  {
    "trade_id": "TRD-000172",
    "market_id": "MKT-021",
    "entity_id": "wallet_09",
    "ts": "2026-01-17T15:24:44.920615Z",
    "side": "no",
    "price": 0.9214,
    "quantity": 235.1875,
    "notional_usd": 216.6985
  },
  {
    "trade_id": "TRD-000173",
    "market_id": "MKT-015",
    "entity_id": "wallet_09",
    "ts": "2026-01-10T16:27:44.920615Z",
    "side": "yes",
    "price": 0.5874,
    "quantity": 520.5295,
    "notional_usd": 305.7753
  },
  {
    "trade_id": "TRD-000174",
    "market_id": "MKT-004",
    "entity_id": "wallet_09",
    "ts": "2025-12-27T17:06:44.920615Z",
    "side": "yes",
    "price": 0.7583,
    "quantity": 791.2803,
    "notional_usd": 600.0123
  },
  {
    "trade_id": "TRD-000175",
    "market_id": "MKT-004",
    "entity_id": "wallet_09",
    "ts": "2025-12-27T16:39:44.920615Z",
    "side": "yes",
    "price": 0.7817,
    "quantity": 477.3788,
    "notional_usd": 373.1898
  },
  {
    "trade_id": "TRD-000176",
    "market_id": "MKT-004",
    "entity_id": "wallet_09",
    "ts": "2025-12-27T17:18:44.920615Z",
    "side": "yes",
    "price": 0.9356,
    "quantity": 236.2744,
    "notional_usd": 221.0643
  },
  {
    "trade_id": "TRD-000177",
    "market_id": "MKT-018",
    "entity_id": "wallet_09",
    "ts": "2026-01-16T15:16:44.920615Z",
    "side": "yes",
    "price": 0.0732,
    "quantity": 535.625,
    "notional_usd": 39.2089
  },
  {
    "trade_id": "TRD-000178",
    "market_id": "MKT-004",
    "entity_id": "wallet_09",
    "ts": "2025-12-27T16:37:44.920615Z",
    "side": "yes",
    "price": 0.0642,
    "quantity": 479.3053,
    "notional_usd": 30.7728
  },
  {
    "trade_id": "TRD-000179",
    "market_id": "MKT-004",
    "entity_id": "wallet_09",
    "ts": "2026-01-03T15:52:44.920615Z",
    "side": "no",
    "price": 0.7211,
    "quantity": 430.3467,
    "notional_usd": 310.3225
  },
  {
    "trade_id": "TRD-000180",
    "market_id": "MKT-025",
    "entity_id": "wallet_09",
    "ts": "2026-01-20T14:55:44.920615Z",
    "side": "yes",
    "price": 0.2494,
    "quantity": 372.5642,
    "notional_usd": 92.9156
  },
  {
    "trade_id": "TRD-000181",
    "market_id": "MKT-024",
    "entity_id": "wallet_09",
    "ts": "2026-01-16T16:45:44.920615Z",
    "side": "no",
    "price": 0.9176,
    "quantity": 377.2732,
    "notional_usd": 346.1947
  },
  {
    "trade_id": "TRD-000182",
    "market_id": "MKT-004",
    "entity_id": "wallet_09",
    "ts": "2026-01-03T12:02:44.920615Z",
    "side": "no",
    "price": 0.4912,
    "quantity": 555.156,
    "notional_usd": 272.7159
  },
  {
    "trade_id": "TRD-000183",
    "market_id": "MKT-003",
    "entity_id": "wallet_09",
    "ts": "2026-01-01T16:49:44.920615Z",
    "side": "yes",
    "price": 0.2975,
    "quantity": 71.2321,
    "notional_usd": 21.1926
  },
  {
    "trade_id": "TRD-000184",
    "market_id": "MKT-018",
    "entity_id": "wallet_09",
    "ts": "2026-01-13T17:07:44.920615Z",
    "side": "no",
    "price": 0.5275,
    "quantity": 795.8096,
    "notional_usd": 419.7905
  },
  {
    "trade_id": "TRD-000185",
    "market_id": "MKT-020",
    "entity_id": "wallet_09",
    "ts": "2026-01-15T12:21:44.920615Z",
    "side": "yes",
    "price": 0.6358,
    "quantity": 685.1783,
    "notional_usd": 435.6535
  },
  {
    "trade_id": "TRD-000186",
    "market_id": "MKT-024",
    "entity_id": "wallet_09",
    "ts": "2026-01-16T17:14:44.920615Z",
    "side": "no",
    "price": 0.2556,
    "quantity": 372.2128,
    "notional_usd": 95.1541
  },
  {
    "trade_id": "TRD-000187",
    "market_id": "MKT-004",
    "entity_id": "wallet_09",
    "ts": "2026-01-03T12:02:44.920615Z",
    "side": "no",
    "price": 0.3313,
    "quantity": 589.0978,
    "notional_usd": 195.1643
  },
  {
    "trade_id": "TRD-000188",
    "market_id": "MKT-004",
    "entity_id": "wallet_09",
    "ts": "2026-01-03T15:04:44.920615Z",
    "side": "yes",
    "price": 0.4768,
    "quantity": 555.7204,
    "notional_usd": 264.9903
  },
  {
    "trade_id": "TRD-000189",
    "market_id": "MKT-003",
    "entity_id": "wallet_10",
    "ts": "2026-01-01T16:22:44.920615Z",
    "side": "no",
    "price": 0.5507,
    "quantity": 653.18,
    "notional_usd": 359.7282
  },
  {
    "trade_id": "TRD-000190",
    "market_id": "MKT-018",
    "entity_id": "wallet_10",
    "ts": "2026-01-15T17:06:44.920615Z",
    "side": "yes",
    "price": 0.8362,
    "quantity": 340.4307,
    "notional_usd": 284.6841
  },
  {
    "trade_id": "TRD-000191",
    "market_id": "MKT-014",
    "entity_id": "wallet_10",
    "ts": "2026-01-06T16:41:44.920615Z",
    "side": "yes",
    "price": 0.5904,
    "quantity": 775.3509,
    "notional_usd": 457.7432
  },
  {
    "trade_id": "TRD-000192",
    "market_id": "MKT-003",
    "entity_id": "wallet_10",
    "ts": "2025-12-31T16:55:44.920615Z",
    "side": "yes",
    "price": 0.484,
    "quantity": 140.6895,
    "notional_usd": 68.0896
  },
  {
    "trade_id": "TRD-000193",
    "market_id": "MKT-012",
    "entity_id": "wallet_10",
    "ts": "2026-01-02T16:52:44.920615Z",
    "side": "no",
    "price": 0.3007,
    "quantity": 109.6105,
    "notional_usd": 32.9611
  },
  {
    "trade_id": "TRD-000194",
    "market_id": "MKT-003",
    "entity_id": "wallet_10",
    "ts": "2026-01-01T11:52:44.920615Z",
    "side": "yes",
    "price": 0.642,
    "quantity": 495.016,
    "notional_usd": 317.8241
  },
  {
    "trade_id": "TRD-000195",
    "market_id": "MKT-001",
    "entity_id": "wallet_10",
    "ts": "2025-12-28T16:22:44.920615Z",
    "side": "no",
    "price": 0.3659,
    "quantity": 738.7993,
    "notional_usd": 270.3422
  },
  {
    "trade_id": "TRD-000196",
    "market_id": "MKT-003",
    "entity_id": "wallet_10",
    "ts": "2026-01-01T16:03:44.920615Z",
    "side": "no",
    "price": 0.7169,
    "quantity": 74.2766,
    "notional_usd": 53.2468
  },
  {
    "trade_id": "TRD-000197",
    "market_id": "MKT-003",
    "entity_id": "wallet_10",
    "ts": "2025-12-29T16:54:44.920615Z",
    "side": "yes",
    "price": 0.4583,
    "quantity": 313.4316,
    "notional_usd": 143.6398
  },
  {
    "trade_id": "TRD-000198",
    "market_id": "MKT-003",
    "entity_id": "wallet_10",
    "ts": "2026-01-01T14:41:44.920615Z",
    "side": "no",
    "price": 0.5608,
    "quantity": 625.9318,
    "notional_usd": 351.044
  },
  {
    "trade_id": "TRD-000199",
    "market_id": "MKT-003",
    "entity_id": "wallet_10",
    "ts": "2026-01-01T17:00:44.920615Z",
    "side": "yes",
    "price": 0.0948,
    "quantity": 608.46,
    "notional_usd": 57.6736
  },
  {
    "trade_id": "TRD-000200",
    "market_id": "MKT-003",
    "entity_id": "wallet_10",
    "ts": "2026-01-01T11:45:44.920615Z",
    "side": "no",
    "price": 0.4478,
    "quantity": 398.8161,
    "notional_usd": 178.6057
  },
  {
    "trade_id": "TRD-000201",
    "market_id": "MKT-003",
    "entity_id": "wallet_10",
    "ts": "2025-12-25T16:55:44.920615Z",
    "side": "yes",
    "price": 0.1498,
    "quantity": 289.2348,
    "notional_usd": 43.3276
  },
  {
    "trade_id": "TRD-000202",
    "market_id": "MKT-019",
    "entity_id": "wallet_10",
    "ts": "2026-01-18T11:54:44.920615Z",
    "side": "no",
    "price": 0.4057,
    "quantity": 55.4255,
    "notional_usd": 22.4882
  },
  {
    "trade_id": "TRD-000203",
    "market_id": "MKT-001",
    "entity_id": "wallet_10",
    "ts": "2025-12-28T16:20:44.920615Z",
    "side": "yes",
    "price": 0.7377,
    "quantity": 618.5326,
    "notional_usd": 456.3192
  },
  {
    "trade_id": "TRD-000204",
    "market_id": "MKT-011",
    "entity_id": "wallet_11",
    "ts": "2026-01-07T11:40:44.920615Z",
    "side": "no",
    "price": 0.3922,
    "quantity": 157.0419,
    "notional_usd": 61.5898
  },
  {
    "trade_id": "TRD-000205",
    "market_id": "MKT-017",
    "entity_id": "wallet_11",
    "ts": "2026-01-13T16:45:44.920615Z",
    "side": "no",
    "price": 0.8256,
    "quantity": 76.2189,
    "notional_usd": 62.9254
  },
  {
    "trade_id": "TRD-000206",
    "market_id": "MKT-011",
    "entity_id": "wallet_11",
    "ts": "2026-01-07T16:40:44.920615Z",
    "side": "yes",
    "price": 0.5682,
    "quantity": 692.4458,
    "notional_usd": 393.4361
  },
  {
    "trade_id": "TRD-000207",
    "market_id": "MKT-023",
    "entity_id": "wallet_11",
    "ts": "2026-01-18T17:01:44.920615Z",
    "side": "no",
    "price": 0.0688,
    "quantity": 109.8352,
    "notional_usd": 7.5535
  },
  {
    "trade_id": "TRD-000208",
    "market_id": "MKT-011",
    "entity_id": "wallet_11",
    "ts": "2025-12-31T16:48:44.920615Z",
    "side": "no",
    "price": 0.8778,
    "quantity": 668.9802,
    "notional_usd": 587.226
  },
  {
    "trade_id": "TRD-000209",
    "market_id": "MKT-011",
    "entity_id": "wallet_11",
    "ts": "2025-12-31T17:21:44.920615Z",
    "side": "yes",
    "price": 0.4104,
    "quantity": 359.8277,
    "notional_usd": 147.675
  },
  {
    "trade_id": "TRD-000210",
    "market_id": "MKT-011",
    "entity_id": "wallet_11",
    "ts": "2025-12-31T17:08:44.920615Z",
    "side": "no",
    "price": 0.7512,
    "quantity": 192.8262,
    "notional_usd": 144.8522
  },
  {
    "trade_id": "TRD-000211",
    "market_id": "MKT-011",
    "entity_id": "wallet_11",
    "ts": "2026-01-04T17:20:44.920615Z",
    "side": "yes",
    "price": 0.3644,
    "quantity": 726.6197,
    "notional_usd": 264.8077
  },
  {
    "trade_id": "TRD-000212",
    "market_id": "MKT-021",
    "entity_id": "wallet_11",
    "ts": "2026-01-10T17:18:44.920615Z",
    "side": "yes",
    "price": 0.2804,
    "quantity": 100.1875,
    "notional_usd": 28.0897
  },
  {
    "trade_id": "TRD-000213",
    "market_id": "MKT-011",
    "entity_id": "wallet_11",
    "ts": "2026-01-07T15:51:44.920615Z",
    "side": "yes",
    "price": 0.7456,
    "quantity": 158.174,
    "notional_usd": 117.9287
  },
  {
    "trade_id": "TRD-000214",
    "market_id": "MKT-025",
    "entity_id": "wallet_11",
    "ts": "2026-01-19T16:39:44.920615Z",
    "side": "no",
    "price": 0.8438,
    "quantity": 551.2841,
    "notional_usd": 465.1974
  },
  {
    "trade_id": "TRD-000215",
    "market_id": "MKT-020",
    "entity_id": "wallet_11",
    "ts": "2026-01-15T14:47:44.920615Z",
    "side": "no",
    "price": 0.1115,
    "quantity": 137.7468,
    "notional_usd": 15.3529
  },
  {
    "trade_id": "TRD-000216",
    "market_id": "MKT-011",
    "entity_id": "wallet_11",
    "ts": "2026-01-07T14:37:44.920615Z",
    "side": "no",
    "price": 0.3667,
    "quantity": 481.3074,
    "notional_usd": 176.5185
  },
  {
    "trade_id": "TRD-000217",
    "market_id": "MKT-011",
    "entity_id": "wallet_11",
    "ts": "2026-01-07T11:59:44.920615Z",
    "side": "yes",
    "price": 0.7985,
    "quantity": 64.3742,
    "notional_usd": 51.4046
  },
  {
    "trade_id": "TRD-000218",
    "market_id": "MKT-011",
    "entity_id": "wallet_11",
    "ts": "2025-12-31T17:22:44.920615Z",
    "side": "no",
    "price": 0.5489,
    "quantity": 380.9151,
    "notional_usd": 209.0785
  },
  {
    "trade_id": "TRD-000219",
    "market_id": "MKT-002",
    "entity_id": "wallet_11",
    "ts": "2025-12-30T11:51:44.920615Z",
    "side": "yes",
    "price": 0.4781,
    "quantity": 270.7909,
    "notional_usd": 129.4559
  },
  {
    "trade_id": "TRD-000220",
    "market_id": "MKT-011",
    "entity_id": "wallet_11",
    "ts": "2026-01-07T16:41:44.920615Z",
    "side": "yes",
    "price": 0.8036,
    "quantity": 652.5541,
    "notional_usd": 524.4182
  },
  {
    "trade_id": "TRD-000221",
    "market_id": "MKT-003",
    "entity_id": "wallet_11",
    "ts": "2025-12-31T16:46:44.920615Z",
    "side": "yes",
    "price": 0.6869,
    "quantity": 50.5309,
    "notional_usd": 34.7076
  },
  {
    "trade_id": "TRD-000222",
    "market_id": "MKT-006",
    "entity_id": "wallet_12",
    "ts": "2026-01-02T15:04:44.920615Z",
    "side": "no",
    "price": 0.747,
    "quantity": 322.1849,
    "notional_usd": 240.678
  },
  {
    "trade_id": "TRD-000223",
    "market_id": "MKT-002",
    "entity_id": "wallet_12",
    "ts": "2025-12-23T16:47:44.920615Z",
    "side": "no",
    "price": 0.1351,
    "quantity": 71.4112,
    "notional_usd": 9.6445
  },
  {
    "trade_id": "TRD-000224",
    "market_id": "MKT-010",
    "entity_id": "wallet_12",
    "ts": "2026-01-05T14:41:44.920615Z",
    "side": "yes",
    "price": 0.5745,
    "quantity": 280.0224,
    "notional_usd": 160.8632
  },
  {
    "trade_id": "TRD-000225",
    "market_id": "MKT-017",
    "entity_id": "wallet_12",
    "ts": "2026-01-14T15:08:44.920615Z",
    "side": "no",
    "price": 0.688,
    "quantity": 120.5823,
    "notional_usd": 82.9547
  },
  {
    "trade_id": "TRD-000226",
    "market_id": "MKT-017",
    "entity_id": "wallet_12",
    "ts": "2026-01-13T17:03:44.920615Z",
    "side": "no",
    "price": 0.6531,
    "quantity": 654.2841,
    "notional_usd": 427.3161
  },
  {
    "trade_id": "TRD-000227",
    "market_id": "MKT-024",
    "entity_id": "wallet_12",
    "ts": "2026-01-20T16:54:44.920615Z",
    "side": "yes",
    "price": 0.4311,
    "quantity": 523.8994,
    "notional_usd": 225.8351
  },
  {
    "trade_id": "TRD-000228",
    "market_id": "MKT-017",
    "entity_id": "wallet_12",
    "ts": "2026-01-14T15:08:44.920615Z",
    "side": "yes",
    "price": 0.3576,
    "quantity": 761.9121,
    "notional_usd": 272.4286
  },
  {
    "trade_id": "TRD-000229",
    "market_id": "MKT-007",
    "entity_id": "wallet_12",
    "ts": "2026-01-04T16:31:44.920615Z",
    "side": "yes",
    "price": 0.81,
    "quantity": 80.1888,
    "notional_usd": 64.9517
  },
  {
    "trade_id": "TRD-000230",
    "market_id": "MKT-017",
    "entity_id": "wallet_12",
    "ts": "2026-01-07T16:53:44.920615Z",
    "side": "yes",
    "price": 0.8388,
    "quantity": 536.3048,
    "notional_usd": 449.8275
  },
  {
    "trade_id": "TRD-000231",
    "market_id": "MKT-020",
    "entity_id": "wallet_12",
    "ts": "2026-01-15T12:18:44.920615Z",
    "side": "yes",
    "price": 0.6736,
    "quantity": 161.0599,
    "notional_usd": 108.4836
  },
  {
    "trade_id": "TRD-000232",
    "market_id": "MKT-006",
    "entity_id": "wallet_12",
    "ts": "2025-12-30T16:59:44.920615Z",
    "side": "yes",
    "price": 0.6587,
    "quantity": 340.4697,
    "notional_usd": 224.2765
  },
  {
    "trade_id": "TRD-000233",
    "market_id": "MKT-017",
    "entity_id": "wallet_12",
    "ts": "2026-01-14T11:48:44.920615Z",
    "side": "no",
    "price": 0.7554,
    "quantity": 606.8651,
    "notional_usd": 458.4382
  },
  {
    "trade_id": "TRD-000234",
    "market_id": "MKT-017",
    "entity_id": "wallet_12",
    "ts": "2026-01-14T16:20:44.920615Z",
    "side": "no",
    "price": 0.2246,
    "quantity": 725.1,
    "notional_usd": 162.868
  },
  {
    "trade_id": "TRD-000235",
    "market_id": "MKT-019",
    "entity_id": "wallet_12",
    "ts": "2026-01-18T11:58:44.920615Z",
    "side": "no",
    "price": 0.5026,
    "quantity": 626.9367,
    "notional_usd": 315.1085
  },
  {
    "trade_id": "TRD-000236",
    "market_id": "MKT-017",
    "entity_id": "wallet_12",
    "ts": "2026-01-14T16:27:44.920615Z",
    "side": "yes",
    "price": 0.097,
    "quantity": 700.9415,
    "notional_usd": 67.9646
  },
  {
    "trade_id": "TRD-000237",
    "market_id": "MKT-012",
    "entity_id": "wallet_12",
    "ts": "2026-01-08T17:21:44.920615Z",
    "side": "yes",
    "price": 0.7368,
    "quantity": 242.3492,
    "notional_usd": 178.5641
  },
  {
    "trade_id": "TRD-000238",
    "market_id": "MKT-017",
    "entity_id": "wallet_12",
    "ts": "2026-01-13T17:18:44.920615Z",
    "side": "no",
    "price": 0.8695,
    "quantity": 91.5366,
    "notional_usd": 79.5869
  },
  {
    "trade_id": "TRD-000239",
    "market_id": "MKT-012",
    "entity_id": "wallet_12",
    "ts": "2026-01-09T16:43:44.920615Z",
    "side": "yes",
    "price": 0.3866,
    "quantity": 329.2341,
    "notional_usd": 127.2705
  },
  {
    "trade_id": "TRD-000240",
    "market_id": "MKT-017",
    "entity_id": "wallet_12",
    "ts": "2026-01-14T16:46:44.920615Z",
    "side": "yes",
    "price": 0.8877,
    "quantity": 41.9863,
    "notional_usd": 37.273
  },
  {
    "trade_id": "TRD-000241",
    "market_id": "MKT-021",
    "entity_id": "wallet_12",
    "ts": "2026-01-17T14:37:44.920615Z",
    "side": "yes",
    "price": 0.3082,
    "quantity": 127.3277,
    "notional_usd": 39.2413
  },
  {
    "trade_id": "TRD-000242",
    "market_id": "MKT-023",
    "entity_id": "wallet_12",
    "ts": "2026-01-14T17:19:44.920615Z",
    "side": "no",
    "price": 0.0547,
    "quantity": 369.9091,
    "notional_usd": 20.2437
  },
  {
    "trade_id": "TRD-000243",
    "market_id": "MKT-001",
    "entity_id": "wallet_13",
    "ts": "2025-12-21T17:18:44.920615Z",
    "side": "no",
    "price": 0.3093,
    "quantity": 106.7258,
    "notional_usd": 33.0094
  },
  {
    "trade_id": "TRD-000244",
    "market_id": "MKT-001",
    "entity_id": "wallet_13",
    "ts": "2025-12-28T16:54:44.920615Z",
    "side": "no",
    "price": 0.6105,
    "quantity": 518.3824,
    "notional_usd": 316.4877
  },
  {
    "trade_id": "TRD-000245",
    "market_id": "MKT-001",
    "entity_id": "wallet_13",
    "ts": "2025-12-21T16:56:44.920615Z",
    "side": "yes",
    "price": 0.5675,
    "quantity": 512.9249,
    "notional_usd": 291.1068
  },
  {
    "trade_id": "TRD-000246",
    "market_id": "MKT-010",
    "entity_id": "wallet_13",
    "ts": "2026-01-05T12:27:44.920615Z",
    "side": "no",
    "price": 0.4249,
    "quantity": 207.6401,
    "notional_usd": 88.2285
  },
  {
    "trade_id": "TRD-000247",
    "market_id": "MKT-003",
    "entity_id": "wallet_13",
    "ts": "2025-12-31T17:04:44.920615Z",
    "side": "yes",
    "price": 0.5397,
    "quantity": 763.6549,
    "notional_usd": 412.1245
  },
  {
    "trade_id": "TRD-000248",
    "market_id": "MKT-017",
    "entity_id": "wallet_13",
    "ts": "2026-01-13T17:26:44.920615Z",
    "side": "no",
    "price": 0.0892,
    "quantity": 701.1985,
    "notional_usd": 62.5336
  },
  {
    "trade_id": "TRD-000249",
    "market_id": "MKT-001",
    "entity_id": "wallet_13",
    "ts": "2025-12-28T15:11:44.920615Z",
    "side": "yes",
    "price": 0.1108,
    "quantity": 298.5332,
    "notional_usd": 33.0786
  },
  {
    "trade_id": "TRD-000250",
    "market_id": "MKT-001",
    "entity_id": "wallet_13",
    "ts": "2025-12-25T16:47:44.920615Z",
    "side": "yes",
    "price": 0.7117,
    "quantity": 621.7711,
    "notional_usd": 442.4948
  },
  {
    "trade_id": "TRD-000251",
    "market_id": "MKT-001",
    "entity_id": "wallet_13",
    "ts": "2025-12-28T16:47:44.920615Z",
    "side": "no",
    "price": 0.2076,
    "quantity": 654.5369,
    "notional_usd": 135.8689
  },
  {
    "trade_id": "TRD-000252",
    "market_id": "MKT-015",
    "entity_id": "wallet_13",
    "ts": "2026-01-07T16:57:44.920615Z",
    "side": "yes",
    "price": 0.1068,
    "quantity": 652.9682,
    "notional_usd": 69.7308
  },
  {
    "trade_id": "TRD-000253",
    "market_id": "MKT-015",
    "entity_id": "wallet_13",
    "ts": "2026-01-10T16:51:44.920615Z",
    "side": "yes",
    "price": 0.2295,
    "quantity": 54.1689,
    "notional_usd": 12.433
  },
  {
    "trade_id": "TRD-000254",
    "market_id": "MKT-001",
    "entity_id": "wallet_13",
    "ts": "2025-12-28T14:55:44.920615Z",
    "side": "no",
    "price": 0.5387,
    "quantity": 791.5157,
    "notional_usd": 426.4114
  },
  {
    "trade_id": "TRD-000255",
    "market_id": "MKT-001",
    "entity_id": "wallet_13",
    "ts": "2025-12-21T16:46:44.920615Z",
    "side": "yes",
    "price": 0.8259,
    "quantity": 243.1665,
    "notional_usd": 200.8372
  },
  {
    "trade_id": "TRD-000256",
    "market_id": "MKT-001",
    "entity_id": "wallet_13",
    "ts": "2025-12-25T17:06:44.920615Z",
    "side": "no",
    "price": 0.3812,
    "quantity": 117.0905,
    "notional_usd": 44.6369
  },
  {
    "trade_id": "TRD-000257",
    "market_id": "MKT-024",
    "entity_id": "wallet_13",
    "ts": "2026-01-23T12:03:44.920615Z",
    "side": "no",
    "price": 0.4966,
    "quantity": 779.5044,
    "notional_usd": 387.0886
  },
  {
    "trade_id": "TRD-000258",
    "market_id": "MKT-017",
    "entity_id": "wallet_14",
    "ts": "2026-01-14T15:22:44.920615Z",
    "side": "no",
    "price": 0.5922,
    "quantity": 81.5631,
    "notional_usd": 48.3023
  },
  {
    "trade_id": "TRD-000259",
    "market_id": "MKT-018",
    "entity_id": "wallet_14",
    "ts": "2026-01-16T15:07:44.920615Z",
    "side": "yes",
    "price": 0.6448,
    "quantity": 82.4538,
    "notional_usd": 53.1684
  },
  {
    "trade_id": "TRD-000260",
    "market_id": "MKT-012",
    "entity_id": "wallet_14",
    "ts": "2026-01-08T16:42:44.920615Z",
    "side": "no",
    "price": 0.4495,
    "quantity": 149.9829,
    "notional_usd": 67.42
  },
  {
    "trade_id": "TRD-000261",
    "market_id": "MKT-012",
    "entity_id": "wallet_14",
    "ts": "2026-01-06T17:05:44.920615Z",
    "side": "no",
    "price": 0.932,
    "quantity": 234.1532,
    "notional_usd": 218.2365
  },
  {
    "trade_id": "TRD-000262",
    "market_id": "MKT-003",
    "entity_id": "wallet_14",
    "ts": "2025-12-29T16:47:44.920615Z",
    "side": "no",
    "price": 0.771,
    "quantity": 303.3827,
    "notional_usd": 233.9039
  },
  {
    "trade_id": "TRD-000263",
    "market_id": "MKT-001",
    "entity_id": "wallet_14",
    "ts": "2025-12-28T16:01:44.920615Z",
    "side": "no",
    "price": 0.1105,
    "quantity": 47.1432,
    "notional_usd": 5.2098
  },
  {
    "trade_id": "TRD-000264",
    "market_id": "MKT-012",
    "entity_id": "wallet_14",
    "ts": "2026-01-09T15:03:44.920615Z",
    "side": "yes",
    "price": 0.6612,
    "quantity": 491.974,
    "notional_usd": 325.2715
  },
  {
    "trade_id": "TRD-000265",
    "market_id": "MKT-012",
    "entity_id": "wallet_14",
    "ts": "2026-01-09T11:39:44.920615Z",
    "side": "yes",
    "price": 0.5265,
    "quantity": 467.659,
    "notional_usd": 246.229
  },
  {
    "trade_id": "TRD-000266",
    "market_id": "MKT-012",
    "entity_id": "wallet_14",
    "ts": "2026-01-06T17:10:44.920615Z",
    "side": "yes",
    "price": 0.0733,
    "quantity": 769.2056,
    "notional_usd": 56.3997
  },
  {
    "trade_id": "TRD-000267",
    "market_id": "MKT-012",
    "entity_id": "wallet_14",
    "ts": "2026-01-08T17:03:44.920615Z",
    "side": "yes",
    "price": 0.2843,
    "quantity": 224.1858,
    "notional_usd": 63.7272
  },
  {
    "trade_id": "TRD-000268",
    "market_id": "MKT-012",
    "entity_id": "wallet_14",
    "ts": "2026-01-08T17:09:44.920615Z",
    "side": "no",
    "price": 0.1722,
    "quantity": 176.1391,
    "notional_usd": 30.3233
  },
  {
    "trade_id": "TRD-000269",
    "market_id": "MKT-012",
    "entity_id": "wallet_14",
    "ts": "2026-01-09T15:54:44.920615Z",
    "side": "no",
    "price": 0.7795,
    "quantity": 797.8647,
    "notional_usd": 621.9051
  },
  {
    "trade_id": "TRD-000270",
    "market_id": "MKT-011",
    "entity_id": "wallet_14",
    "ts": "2026-01-04T17:05:44.920615Z",
    "side": "yes",
    "price": 0.3113,
    "quantity": 448.9978,
    "notional_usd": 139.7847
  },
  {
    "trade_id": "TRD-000271",
    "market_id": "MKT-012",
    "entity_id": "wallet_14",
    "ts": "2026-01-09T15:54:44.920615Z",
    "side": "yes",
    "price": 0.5079,
    "quantity": 639.0832,
    "notional_usd": 324.5777
  },
  {
    "trade_id": "TRD-000272",
    "market_id": "MKT-012",
    "entity_id": "wallet_14",
    "ts": "2026-01-09T15:49:44.920615Z",
    "side": "yes",
    "price": 0.4946,
    "quantity": 204.6542,
    "notional_usd": 101.226
  },
  {
    "trade_id": "TRD-000273",
    "market_id": "MKT-012",
    "entity_id": "wallet_14",
    "ts": "2026-01-08T17:04:44.920615Z",
    "side": "no",
    "price": 0.5465,
    "quantity": 646.8561,
    "notional_usd": 353.4954
  },
  {
    "trade_id": "TRD-000274",
    "market_id": "MKT-003",
    "entity_id": "wallet_14",
    "ts": "2026-01-01T16:50:44.920615Z",
    "side": "no",
    "price": 0.697,
    "quantity": 799.6841,
    "notional_usd": 557.366
  },
  {
    "trade_id": "TRD-000275",
    "market_id": "MKT-025",
    "entity_id": "wallet_14",
    "ts": "2026-01-20T11:51:44.920615Z",
    "side": "yes",
    "price": 0.3353,
    "quantity": 117.7549,
    "notional_usd": 39.4861
  },
  {
    "trade_id": "TRD-000276",
    "market_id": "MKT-012",
    "entity_id": "wallet_14",
    "ts": "2026-01-09T11:44:44.920615Z",
    "side": "no",
    "price": 0.7961,
    "quantity": 120.101,
    "notional_usd": 95.6182
  },
  {
    "trade_id": "TRD-000277",
    "market_id": "MKT-019",
    "entity_id": "wallet_14",
    "ts": "2026-01-18T15:50:44.920615Z",
    "side": "yes",
    "price": 0.8696,
    "quantity": 357.4423,
    "notional_usd": 310.8465
  },
  {
    "trade_id": "TRD-000278",
    "market_id": "MKT-012",
    "entity_id": "wallet_14",
    "ts": "2026-01-09T16:36:44.920615Z",
    "side": "yes",
    "price": 0.1958,
    "quantity": 257.2171,
    "notional_usd": 50.3555
  },
  {
    "trade_id": "TRD-000279",
    "market_id": "MKT-023",
    "entity_id": "wallet_15",
    "ts": "2026-01-20T17:09:44.920615Z",
    "side": "yes",
    "price": 0.6216,
    "quantity": 215.4721,
    "notional_usd": 133.927
  },
  {
    "trade_id": "TRD-000280",
    "market_id": "MKT-005",
    "entity_id": "wallet_15",
    "ts": "2025-12-28T17:08:44.920615Z",
    "side": "yes",
    "price": 0.2018,
    "quantity": 412.0071,
    "notional_usd": 83.1316
  },
  {
    "trade_id": "TRD-000281",
    "market_id": "MKT-005",
    "entity_id": "wallet_15",
    "ts": "2025-12-31T15:57:44.920615Z",
    "side": "no",
    "price": 0.5573,
    "quantity": 677.1734,
    "notional_usd": 377.3591
  },
  {
    "trade_id": "TRD-000282",
    "market_id": "MKT-001",
    "entity_id": "wallet_15",
    "ts": "2025-12-28T17:07:44.920615Z",
    "side": "no",
    "price": 0.7403,
    "quantity": 527.8814,
    "notional_usd": 390.7711
  },
  {
    "trade_id": "TRD-000283",
    "market_id": "MKT-023",
    "entity_id": "wallet_15",
    "ts": "2026-01-18T17:26:44.920615Z",
    "side": "no",
    "price": 0.541,
    "quantity": 713.4176,
    "notional_usd": 385.973
  },
  {
    "trade_id": "TRD-000284",
    "market_id": "MKT-010",
    "entity_id": "wallet_15",
    "ts": "2026-01-05T12:12:44.920615Z",
    "side": "no",
    "price": 0.1157,
    "quantity": 251.9984,
    "notional_usd": 29.1501
  },
  {
    "trade_id": "TRD-000285",
    "market_id": "MKT-023",
    "entity_id": "wallet_15",
    "ts": "2026-01-21T12:01:44.920615Z",
    "side": "no",
    "price": 0.3562,
    "quantity": 382.2649,
    "notional_usd": 136.1525
  },
  {
    "trade_id": "TRD-000286",
    "market_id": "MKT-023",
    "entity_id": "wallet_15",
    "ts": "2026-01-14T16:42:44.920615Z",
    "side": "no",
    "price": 0.8247,
    "quantity": 592.6758,
    "notional_usd": 488.7795
  },
  {
    "trade_id": "TRD-000287",
    "market_id": "MKT-005",
    "entity_id": "wallet_15",
    "ts": "2025-12-24T17:04:44.920615Z",
    "side": "yes",
    "price": 0.4698,
    "quantity": 268.9104,
    "notional_usd": 126.3409
  },
  {
    "trade_id": "TRD-000288",
    "market_id": "MKT-023",
    "entity_id": "wallet_15",
    "ts": "2026-01-21T16:30:44.920615Z",
    "side": "yes",
    "price": 0.9008,
    "quantity": 59.4721,
    "notional_usd": 53.5753
  },
  {
    "trade_id": "TRD-000289",
    "market_id": "MKT-014",
    "entity_id": "wallet_15",
    "ts": "2026-01-13T16:29:44.920615Z",
    "side": "no",
    "price": 0.699,
    "quantity": 748.3262,
    "notional_usd": 523.0917
  },
  {
    "trade_id": "TRD-000290",
    "market_id": "MKT-023",
    "entity_id": "wallet_15",
    "ts": "2026-01-21T16:08:44.920615Z",
    "side": "no",
    "price": 0.3277,
    "quantity": 409.0326,
    "notional_usd": 134.0344
  },
  {
    "trade_id": "TRD-000291",
    "market_id": "MKT-023",
    "entity_id": "wallet_15",
    "ts": "2026-01-21T11:55:44.920615Z",
    "side": "no",
    "price": 0.2436,
    "quantity": 774.0156,
    "notional_usd": 188.5734
  },
  {
    "trade_id": "TRD-000292",
    "market_id": "MKT-023",
    "entity_id": "wallet_15",
    "ts": "2026-01-21T16:51:44.920615Z",
    "side": "no",
    "price": 0.8086,
    "quantity": 486.0646,
    "notional_usd": 393.0147
  },
  {
    "trade_id": "TRD-000293",
    "market_id": "MKT-010",
    "entity_id": "wallet_15",
    "ts": "2026-01-04T17:27:44.920615Z",
    "side": "yes",
    "price": 0.8442,
    "quantity": 356.1237,
    "notional_usd": 300.6432
  },
  {
    "trade_id": "TRD-000294",
    "market_id": "MKT-025",
    "entity_id": "wallet_15",
    "ts": "2026-01-20T12:04:44.920615Z",
    "side": "yes",
    "price": 0.5633,
    "quantity": 332.4537,
    "notional_usd": 187.2557
  },
  {
    "trade_id": "TRD-000295",
    "market_id": "MKT-023",
    "entity_id": "wallet_15",
    "ts": "2026-01-20T17:09:44.920615Z",
    "side": "yes",
    "price": 0.4553,
    "quantity": 321.3521,
    "notional_usd": 146.3177
  },
  {
    "trade_id": "TRD-000296",
    "market_id": "MKT-020",
    "entity_id": "wallet_15",
    "ts": "2026-01-12T16:48:44.920615Z",
    "side": "yes",
    "price": 0.137,
    "quantity": 120.3574,
    "notional_usd": 16.4906
  },
  {
    "trade_id": "TRD-000297",
    "market_id": "MKT-023",
    "entity_id": "wallet_15",
    "ts": "2026-01-21T14:52:44.920615Z",
    "side": "no",
    "price": 0.2292,
    "quantity": 608.8728,
    "notional_usd": 139.5245
  },
  {
    "trade_id": "TRD-000298",
    "market_id": "MKT-017",
    "entity_id": "wallet_15",
    "ts": "2026-01-14T17:07:44.920615Z",
    "side": "yes",
    "price": 0.3497,
    "quantity": 126.8884,
    "notional_usd": 44.3775
  },
  {
    "trade_id": "TRD-000299",
    "market_id": "MKT-015",
    "entity_id": "wallet_15",
    "ts": "2026-01-10T16:01:44.920615Z",
    "side": "yes",
    "price": 0.6018,
    "quantity": 275.8134,
    "notional_usd": 165.9738
  },
  {
    "trade_id": "TRD-000300",
    "market_id": "MKT-023",
    "entity_id": "wallet_15",
    "ts": "2026-01-20T16:40:44.920615Z",
    "side": "no",
    "price": 0.5066,
    "quantity": 483.1052,
    "notional_usd": 244.7331
  },
  {
    "trade_id": "TRD-000301",
    "market_id": "MKT-016",
    "entity_id": "wallet_15",
    "ts": "2026-01-09T16:51:44.920615Z",
    "side": "no",
    "price": 0.065,
    "quantity": 390.4162,
    "notional_usd": 25.3666
  },
  {
    "trade_id": "TRD-000302",
    "market_id": "MKT-023",
    "entity_id": "wallet_15",
    "ts": "2026-01-21T16:43:44.920615Z",
    "side": "no",
    "price": 0.7028,
    "quantity": 641.4688,
    "notional_usd": 450.819
  },
  {
    "trade_id": "TRD-000303",
    "market_id": "MKT-001",
    "entity_id": "wallet_15",
    "ts": "2025-12-27T16:57:44.920615Z",
    "side": "no",
    "price": 0.7546,
    "quantity": 774.3151,
    "notional_usd": 584.3087
  },
  {
    "trade_id": "TRD-000304",
    "market_id": "MKT-019",
    "entity_id": "wallet_15",
    "ts": "2026-01-18T15:53:44.920615Z",
    "side": "yes",
    "price": 0.2035,
    "quantity": 475.1482,
    "notional_usd": 96.6741
  },
  {
    "trade_id": "TRD-000305",
    "market_id": "MKT-020",
    "entity_id": "wallet_15",
    "ts": "2026-01-08T17:03:44.920615Z",
    "side": "yes",
    "price": 0.268,
    "quantity": 660.8958,
    "notional_usd": 177.1048
  },
  {
    "trade_id": "TRD-000306",
    "market_id": "MKT-023",
    "entity_id": "wallet_15",
    "ts": "2026-01-21T16:57:44.920615Z",
    "side": "yes",
    "price": 0.4269,
    "quantity": 364.0101,
    "notional_usd": 155.3967
  },
  {
    "trade_id": "TRD-000307",
    "market_id": "MKT-023",
    "entity_id": "wallet_16",
    "ts": "2026-01-20T16:38:44.920615Z",
    "side": "no",
    "price": 0.7123,
    "quantity": 700.7978,
    "notional_usd": 499.1457
  },
  {
    "trade_id": "TRD-000308",
    "market_id": "MKT-023",
    "entity_id": "wallet_16",
    "ts": "2026-01-21T16:06:44.920615Z",
    "side": "yes",
    "price": 0.9483,
    "quantity": 457.4917,
    "notional_usd": 433.8442
  },
  {
    "trade_id": "TRD-000309",
    "market_id": "MKT-013",
    "entity_id": "wallet_16",
    "ts": "2026-01-11T15:16:44.920615Z",
    "side": "no",
    "price": 0.3581,
    "quantity": 731.4568,
    "notional_usd": 261.9305
  },
  {
    "trade_id": "TRD-000310",
    "market_id": "MKT-023",
    "entity_id": "wallet_16",
    "ts": "2026-01-14T16:41:44.920615Z",
    "side": "no",
    "price": 0.223,
    "quantity": 495.8597,
    "notional_usd": 110.5954
  },
  {
    "trade_id": "TRD-000311",
    "market_id": "MKT-023",
    "entity_id": "wallet_16",
    "ts": "2026-01-20T17:08:44.920615Z",
    "side": "yes",
    "price": 0.934,
    "quantity": 754.3587,
    "notional_usd": 704.5969
  },
  {
    "trade_id": "TRD-000312",
    "market_id": "MKT-023",
    "entity_id": "wallet_16",
    "ts": "2026-01-21T15:55:44.920615Z",
    "side": "no",
    "price": 0.3639,
    "quantity": 267.2918,
    "notional_usd": 97.2736
  },
  {
    "trade_id": "TRD-000313",
    "market_id": "MKT-024",
    "entity_id": "wallet_16",
    "ts": "2026-01-23T15:09:44.920615Z",
    "side": "yes",
    "price": 0.5389,
    "quantity": 467.3119,
    "notional_usd": 251.8212
  },
  {
    "trade_id": "TRD-000314",
    "market_id": "MKT-013",
    "entity_id": "wallet_16",
    "ts": "2026-01-04T17:05:44.920615Z",
    "side": "yes",
    "price": 0.3089,
    "quantity": 246.5531,
    "notional_usd": 76.1522
  },
  {
    "trade_id": "TRD-000315",
    "market_id": "MKT-012",
    "entity_id": "wallet_16",
    "ts": "2026-01-09T11:46:44.920615Z",
    "side": "no",
    "price": 0.2426,
    "quantity": 602.924,
    "notional_usd": 146.2622
  },
  {
    "trade_id": "TRD-000316",
    "market_id": "MKT-009",
    "entity_id": "wallet_16",
    "ts": "2026-01-07T16:43:44.920615Z",
    "side": "no",
    "price": 0.6041,
    "quantity": 127.0729,
    "notional_usd": 76.7659
  },
  {
    "trade_id": "TRD-000317",
    "market_id": "MKT-008",
    "entity_id": "wallet_16",
    "ts": "2026-01-06T16:27:44.920615Z",
    "side": "yes",
    "price": 0.0972,
    "quantity": 517.5968,
    "notional_usd": 50.3321
  },
  {
    "trade_id": "TRD-000318",
    "market_id": "MKT-023",
    "entity_id": "wallet_16",
    "ts": "2026-01-18T16:57:44.920615Z",
    "side": "yes",
    "price": 0.1737,
    "quantity": 551.3297,
    "notional_usd": 95.7772
  },
  {
    "trade_id": "TRD-000319",
    "market_id": "MKT-006",
    "entity_id": "wallet_16",
    "ts": "2026-01-02T11:46:44.920615Z",
    "side": "no",
    "price": 0.2295,
    "quantity": 392.4098,
    "notional_usd": 90.0621
  },
  {
    "trade_id": "TRD-000320",
    "market_id": "MKT-011",
    "entity_id": "wallet_16",
    "ts": "2026-01-07T14:46:44.920615Z",
    "side": "yes",
    "price": 0.1305,
    "quantity": 728.1908,
    "notional_usd": 95.0396
  },
  {
    "trade_id": "TRD-000321",
    "market_id": "MKT-018",
    "entity_id": "wallet_16",
    "ts": "2026-01-13T16:41:44.920615Z",
    "side": "yes",
    "price": 0.2076,
    "quantity": 732.3192,
    "notional_usd": 151.9989
  },
  {
    "trade_id": "TRD-000322",
    "market_id": "MKT-006",
    "entity_id": "wallet_16",
    "ts": "2026-01-02T16:44:44.920615Z",
    "side": "no",
    "price": 0.7241,
    "quantity": 165.3231,
    "notional_usd": 119.7109
  },
  {
    "trade_id": "TRD-000323",
    "market_id": "MKT-010",
    "entity_id": "wallet_16",
    "ts": "2026-01-05T17:09:44.920615Z",
    "side": "no",
    "price": 0.1466,
    "quantity": 463.0103,
    "notional_usd": 67.8637
  },
  {
    "trade_id": "TRD-000324",
    "market_id": "MKT-010",
    "entity_id": "wallet_16",
    "ts": "2026-01-05T11:46:44.920615Z",
    "side": "no",
    "price": 0.1708,
    "quantity": 713.6228,
    "notional_usd": 121.8725
  },
  {
    "trade_id": "TRD-000325",
    "market_id": "MKT-009",
    "entity_id": "wallet_16",
    "ts": "2026-01-08T16:32:44.920615Z",
    "side": "no",
    "price": 0.463,
    "quantity": 146.7455,
    "notional_usd": 67.9466
  },
  {
    "trade_id": "TRD-000326",
    "market_id": "MKT-023",
    "entity_id": "wallet_16",
    "ts": "2026-01-21T16:39:44.920615Z",
    "side": "no",
    "price": 0.561,
    "quantity": 636.7988,
    "notional_usd": 357.2461
  },
  {
    "trade_id": "TRD-000327",
    "market_id": "MKT-007",
    "entity_id": "wallet_17",
    "ts": "2026-01-04T17:21:44.920615Z",
    "side": "no",
    "price": 0.1839,
    "quantity": 1301.6665,
    "notional_usd": 239.4271
  },
  {
    "trade_id": "TRD-000328",
    "market_id": "MKT-016",
    "entity_id": "wallet_17",
    "ts": "2026-01-12T17:09:44.920615Z",
    "side": "yes",
    "price": 0.3657,
    "quantity": 2408.0696,
    "notional_usd": 880.6608
  },
  {
    "trade_id": "TRD-000329",
    "market_id": "MKT-001",
    "entity_id": "wallet_17",
    "ts": "2025-12-28T17:19:44.920615Z",
    "side": "no",
    "price": 0.2406,
    "quantity": 1430.79,
    "notional_usd": 344.1777
  },
  {
    "trade_id": "TRD-000330",
    "market_id": "MKT-023",
    "entity_id": "wallet_17",
    "ts": "2026-01-21T17:03:44.920615Z",
    "side": "yes",
    "price": 0.2928,
    "quantity": 1729.2509,
    "notional_usd": 506.382
  },
  {
    "trade_id": "TRD-000331",
    "market_id": "MKT-007",
    "entity_id": "wallet_17",
    "ts": "2026-01-04T16:56:44.920615Z",
    "side": "no",
    "price": 0.8058,
    "quantity": 2014.701,
    "notional_usd": 1623.3566
  },
  {
    "trade_id": "TRD-000332",
    "market_id": "MKT-025",
    "entity_id": "wallet_17",
    "ts": "2026-01-20T17:03:44.920615Z",
    "side": "yes",
    "price": 0.5965,
    "quantity": 656.2054,
    "notional_usd": 391.4059
  },
  {
    "trade_id": "TRD-000333",
    "market_id": "MKT-007",
    "entity_id": "wallet_17",
    "ts": "2026-01-04T17:06:44.920615Z",
    "side": "yes",
    "price": 0.4888,
    "quantity": 2208.972,
    "notional_usd": 1079.789
  },
  {
    "trade_id": "TRD-000334",
    "market_id": "MKT-023",
    "entity_id": "wallet_17",
    "ts": "2026-01-21T17:23:44.920615Z",
    "side": "yes",
    "price": 0.5517,
    "quantity": 1406.8646,
    "notional_usd": 776.1083
  },
  {
    "trade_id": "TRD-000335",
    "market_id": "MKT-002",
    "entity_id": "wallet_17",
    "ts": "2025-12-30T17:26:44.920615Z",
    "side": "no",
    "price": 0.6089,
    "quantity": 1991.609,
    "notional_usd": 1212.7184
  },
  {
    "trade_id": "TRD-000336",
    "market_id": "MKT-007",
    "entity_id": "wallet_17",
    "ts": "2026-01-04T17:22:44.920615Z",
    "side": "yes",
    "price": 0.5154,
    "quantity": 2472.2745,
    "notional_usd": 1274.2663
  },
  {
    "trade_id": "TRD-000337",
    "market_id": "MKT-007",
    "entity_id": "wallet_17",
    "ts": "2026-01-04T17:00:44.920615Z",
    "side": "yes",
    "price": 0.8844,
    "quantity": 1248.9218,
    "notional_usd": 1104.5135
  },
  {
    "trade_id": "TRD-000338",
    "market_id": "MKT-007",
    "entity_id": "wallet_17",
    "ts": "2026-01-04T16:52:44.920615Z",
    "side": "yes",
    "price": 0.8571,
    "quantity": 765.9796,
    "notional_usd": 656.4845
  },
  {
    "trade_id": "TRD-000339",
    "market_id": "MKT-007",
    "entity_id": "wallet_17",
    "ts": "2026-01-04T17:26:44.920615Z",
    "side": "yes",
    "price": 0.9611,
    "quantity": 2012.3588,
    "notional_usd": 1934.0213
  },
  {
    "trade_id": "TRD-000340",
    "market_id": "MKT-024",
    "entity_id": "wallet_17",
    "ts": "2026-01-23T17:04:44.920615Z",
    "side": "no",
    "price": 0.2659,
    "quantity": 810.2427,
    "notional_usd": 215.4134
  },
  {
    "trade_id": "TRD-000341",
    "market_id": "MKT-025",
    "entity_id": "wallet_17",
    "ts": "2026-01-20T17:25:44.920615Z",
    "side": "no",
    "price": 0.1592,
    "quantity": 981.3326,
    "notional_usd": 156.2438
  },
  {
    "trade_id": "TRD-000342",
    "market_id": "MKT-015",
    "entity_id": "wallet_17",
    "ts": "2026-01-10T16:58:44.920615Z",
    "side": "yes",
    "price": 0.2912,
    "quantity": 968.6786,
    "notional_usd": 282.0762
  },
  {
    "trade_id": "TRD-000343",
    "market_id": "MKT-002",
    "entity_id": "wallet_17",
    "ts": "2025-12-30T16:50:44.920615Z",
    "side": "no",
    "price": 0.6262,
    "quantity": 1137.8074,
    "notional_usd": 712.4581
  },
  {
    "trade_id": "TRD-000344",
    "market_id": "MKT-011",
    "entity_id": "wallet_17",
    "ts": "2026-01-07T17:00:44.920615Z",
    "side": "yes",
    "price": 0.1536,
    "quantity": 1101.0019,
    "notional_usd": 169.1609
  },
  {
    "trade_id": "TRD-000345",
    "market_id": "MKT-024",
    "entity_id": "wallet_17",
    "ts": "2026-01-23T17:04:44.920615Z",
    "side": "no",
    "price": 0.6908,
    "quantity": 2383.1728,
    "notional_usd": 1646.2515
  },
  {
    "trade_id": "TRD-000346",
    "market_id": "MKT-011",
    "entity_id": "wallet_17",
    "ts": "2026-01-07T16:52:44.920615Z",
    "side": "no",
    "price": 0.8474,
    "quantity": 1447.0376,
    "notional_usd": 1226.2487
  },
  {
    "trade_id": "TRD-000347",
    "market_id": "MKT-007",
    "entity_id": "wallet_17",
    "ts": "2026-01-04T17:00:44.920615Z",
    "side": "no",
    "price": 0.218,
    "quantity": 1614.5735,
    "notional_usd": 351.9796
  },
  {
    "trade_id": "TRD-000348",
    "market_id": "MKT-007",
    "entity_id": "wallet_17",
    "ts": "2026-01-04T17:21:44.920615Z",
    "side": "yes",
    "price": 0.8299,
    "quantity": 1571.2711,
    "notional_usd": 1303.9626
  },
  {
    "trade_id": "TRD-000349",
    "market_id": "MKT-007",
    "entity_id": "wallet_17",
    "ts": "2026-01-04T16:49:44.920615Z",
    "side": "yes",
    "price": 0.5918,
    "quantity": 1948.6105,
    "notional_usd": 1153.1651
  },
  {
    "trade_id": "TRD-000350",
    "market_id": "MKT-011",
    "entity_id": "wallet_17",
    "ts": "2026-01-07T17:19:44.920615Z",
    "side": "yes",
    "price": 0.7638,
    "quantity": 1993.7585,
    "notional_usd": 1522.8547
  },
  {
    "trade_id": "TRD-000351",
    "market_id": "MKT-023",
    "entity_id": "wallet_17",
    "ts": "2026-01-21T17:06:44.920615Z",
    "side": "yes",
    "price": 0.435,
    "quantity": 2051.0278,
    "notional_usd": 892.1608
  },
  {
    "trade_id": "TRD-000352",
    "market_id": "MKT-012",
    "entity_id": "wallet_17",
    "ts": "2026-01-09T17:20:44.920615Z",
    "side": "no",
    "price": 0.7357,
    "quantity": 2105.6332,
    "notional_usd": 1549.1648
  },
  {
    "trade_id": "TRD-000353",
    "market_id": "MKT-012",
    "entity_id": "wallet_18",
    "ts": "2026-01-09T17:17:44.920615Z",
    "side": "yes",
    "price": 0.5869,
    "quantity": 532.4398,
    "notional_usd": 312.4965
  },
  {
    "trade_id": "TRD-000354",
    "market_id": "MKT-024",
    "entity_id": "wallet_18",
    "ts": "2026-01-23T16:50:44.920615Z",
    "side": "yes",
    "price": 0.5394,
    "quantity": 2166.7254,
    "notional_usd": 1168.6999
  },
  {
    "trade_id": "TRD-000355",
    "market_id": "MKT-022",
    "entity_id": "wallet_18",
    "ts": "2026-01-19T16:55:44.920615Z",
    "side": "no",
    "price": 0.7448,
    "quantity": 1421.658,
    "notional_usd": 1058.9071
  },
  {
    "trade_id": "TRD-000356",
    "market_id": "MKT-011",
    "entity_id": "wallet_18",
    "ts": "2026-01-07T17:23:44.920615Z",
    "side": "no",
    "price": 0.8384,
    "quantity": 1547.8888,
    "notional_usd": 1297.7195
  },
  {
    "trade_id": "TRD-000357",
    "market_id": "MKT-011",
    "entity_id": "wallet_18",
    "ts": "2026-01-07T17:12:44.920615Z",
    "side": "yes",
    "price": 0.2329,
    "quantity": 635.9359,
    "notional_usd": 148.1133
  },
  {
    "trade_id": "TRD-000358",
    "market_id": "MKT-011",
    "entity_id": "wallet_18",
    "ts": "2026-01-07T16:47:44.920615Z",
    "side": "yes",
    "price": 0.6802,
    "quantity": 2325.5029,
    "notional_usd": 1581.7378
  },
  {
    "trade_id": "TRD-000359",
    "market_id": "MKT-011",
    "entity_id": "wallet_18",
    "ts": "2026-01-07T17:09:44.920615Z",
    "side": "no",
    "price": 0.3523,
    "quantity": 1571.4762,
    "notional_usd": 553.6089
  },
  {
    "trade_id": "TRD-000360",
    "market_id": "MKT-023",
    "entity_id": "wallet_18",
    "ts": "2026-01-21T17:17:44.920615Z",
    "side": "yes",
    "price": 0.6454,
    "quantity": 981.9377,
    "notional_usd": 633.7496
  },
  {
    "trade_id": "TRD-000361",
    "market_id": "MKT-011",
    "entity_id": "wallet_18",
    "ts": "2026-01-07T16:57:44.920615Z",
    "side": "no",
    "price": 0.9714,
    "quantity": 1630.0044,
    "notional_usd": 1583.3945
  },
  {
    "trade_id": "TRD-000362",
    "market_id": "MKT-011",
    "entity_id": "wallet_18",
    "ts": "2026-01-07T16:51:44.920615Z",
    "side": "yes",
    "price": 0.6603,
    "quantity": 1452.0102,
    "notional_usd": 958.818
  },
  {
    "trade_id": "TRD-000363",
    "market_id": "MKT-003",
    "entity_id": "wallet_18",
    "ts": "2026-01-01T17:20:44.920615Z",
    "side": "no",
    "price": 0.9089,
    "quantity": 2289.5824,
    "notional_usd": 2080.896
  },
  {
    "trade_id": "TRD-000364",
    "market_id": "MKT-011",
    "entity_id": "wallet_18",
    "ts": "2026-01-07T17:09:44.920615Z",
    "side": "no",
    "price": 0.5959,
    "quantity": 2298.6233,
    "notional_usd": 1369.7236
  },
  {
    "trade_id": "TRD-000365",
    "market_id": "MKT-011",
    "entity_id": "wallet_18",
    "ts": "2026-01-07T17:01:44.920615Z",
    "side": "yes",
    "price": 0.3634,
    "quantity": 2357.7499,
    "notional_usd": 856.7206
  },
  {
    "trade_id": "TRD-000366",
    "market_id": "MKT-019",
    "entity_id": "wallet_18",
    "ts": "2026-01-18T17:21:44.920615Z",
    "side": "no",
    "price": 0.9574,
    "quantity": 1501.5857,
    "notional_usd": 1437.625
  },
  {
    "trade_id": "TRD-000367",
    "market_id": "MKT-011",
    "entity_id": "wallet_18",
    "ts": "2026-01-07T16:48:44.920615Z",
    "side": "yes",
    "price": 0.7807,
    "quantity": 1293.4061,
    "notional_usd": 1009.7988
  },
  {
    "trade_id": "TRD-000368",
    "market_id": "MKT-011",
    "entity_id": "wallet_18",
    "ts": "2026-01-07T17:02:44.920615Z",
    "side": "no",
    "price": 0.6981,
    "quantity": 1363.6959,
    "notional_usd": 952.039
  },
  {
    "trade_id": "TRD-000369",
    "market_id": "MKT-003",
    "entity_id": "wallet_18",
    "ts": "2026-01-01T17:21:44.920615Z",
    "side": "no",
    "price": 0.4344,
    "quantity": 1035.9441,
    "notional_usd": 450.0141
  },
  {
    "trade_id": "TRD-000370",
    "market_id": "MKT-005",
    "entity_id": "wallet_18",
    "ts": "2025-12-31T17:07:44.920615Z",
    "side": "no",
    "price": 0.77,
    "quantity": 1389.4717,
    "notional_usd": 1069.8723
  },
  {
    "trade_id": "TRD-000371",
    "market_id": "MKT-011",
    "entity_id": "wallet_18",
    "ts": "2026-01-07T17:00:44.920615Z",
    "side": "no",
    "price": 0.1789,
    "quantity": 706.5859,
    "notional_usd": 126.3832
  },
  {
    "trade_id": "TRD-000372",
    "market_id": "MKT-020",
    "entity_id": "wallet_18",
    "ts": "2026-01-15T17:00:44.920615Z",
    "side": "no",
    "price": 0.1745,
    "quantity": 1275.5991,
    "notional_usd": 222.6374
  },
  {
    "trade_id": "TRD-000373",
    "market_id": "MKT-008",
    "entity_id": "wallet_18",
    "ts": "2026-01-06T17:09:44.920615Z",
    "side": "yes",
    "price": 0.5339,
    "quantity": 1102.2625,
    "notional_usd": 588.5521
  },
  {
    "trade_id": "TRD-000374",
    "market_id": "MKT-011",
    "entity_id": "wallet_18",
    "ts": "2026-01-07T17:03:44.920615Z",
    "side": "no",
    "price": 0.317,
    "quantity": 1003.3995,
    "notional_usd": 318.0769
  },
  {
    "trade_id": "TRD-000375",
    "market_id": "MKT-020",
    "entity_id": "wallet_18",
    "ts": "2026-01-15T17:01:44.920615Z",
    "side": "no",
    "price": 0.6458,
    "quantity": 1164.4344,
    "notional_usd": 751.9558
  },
  {
    "trade_id": "TRD-000376",
    "market_id": "MKT-011",
    "entity_id": "wallet_18",
    "ts": "2026-01-07T16:48:44.920615Z",
    "side": "no",
    "price": 0.3822,
    "quantity": 772.2489,
    "notional_usd": 295.1422
  },
  {
    "trade_id": "TRD-000377",
    "market_id": "MKT-007",
    "entity_id": "wallet_18",
    "ts": "2026-01-04T17:08:44.920615Z",
    "side": "yes",
    "price": 0.657,
    "quantity": 1969.7487,
    "notional_usd": 1294.0346
  },
  {
    "trade_id": "TRD-000378",
    "market_id": "MKT-008",
    "entity_id": "wallet_18",
    "ts": "2026-01-06T17:19:44.920615Z",
    "side": "no",
    "price": 0.2758,
    "quantity": 2364.1343,
    "notional_usd": 652.0851
  }
]